<?xml version='1.0' encoding='UTF-8'?>
<collection xmlns='http://www.loc.gov/MARC21/slim' xmlns:xsi='http://www.w3.org/2001/XMLSchema-instance' xsi:schemaLocation='http://www.loc.gov/MARC21/slim http://www.loc.gov/standards/marcxml/schema/MARC21slim.xsd'>
  <record xmlns='http://www.loc.gov/MARC21/slim'><leader>00672camZa2200181zZZ4500</leader><controlfield tag='001'>991036719716003811</controlfield><controlfield tag='005'>20171123214744.0</controlfield><controlfield tag='008'>151130u1996uuuuuuuuu-|-o----u|----|eng-d</controlfield><datafield ind1=' ' ind2=' ' tag='020'><subfield code='a'>3-540-61512-1</subfield></datafield><datafield ind1=' ' ind2=' ' tag='035'><subfield code='a'>(CKB)1000000000210889</subfield></datafield><datafield ind1=' ' ind2=' ' tag='035'><subfield code='a'>(EXLCZ)991000000000210889</subfield></datafield><datafield ind1='2' ind2=' ' tag='111'><subfield code='a'>CRYPTO (Conference)</subfield><subfield code='d'>(1996 :</subfield><subfield code='c'>Santa Barbara, Calif.)</subfield></datafield><datafield ind1=' ' ind2=' ' tag='210'><subfield code='a'>16TH ANNUAL INTERNATIONAL CRYPTOLOGY CONFERENCE, SANTA BARBARA, CALIFORNIA, USA, AUGUST 18 - 22, 1996, PROCEEDINGS</subfield></datafield><datafield ind1='1' ind2='0' tag='245'><subfield code='a'>Advances in Cryptology - CRYPTO &apos;96</subfield></datafield><datafield ind1=' ' ind2=' ' tag='246'><subfield code='a'>Advances in Cryptology  CRYPTO &apos;96</subfield></datafield><datafield ind1=' ' ind2=' ' tag='260'><subfield code='b'>Springer Berlin Heidelberg</subfield></datafield><datafield ind1='1' ind2=' ' tag='700'><subfield code='a'>Koblitz, Neal</subfield></datafield><datafield ind1='2' ind2=' ' tag='710'><subfield code='a'>International Association for Cryptologic Research.</subfield></datafield><datafield ind1=' ' ind2=' ' tag='906'><subfield code='a'>BOOK</subfield></datafield><datafield ind1=' ' ind2=' ' tag='PRT'><subfield code='a'>53345151530003811</subfield><subfield code='b'>https://sandbox01-na.alma.exlibrisgroup.com/view/uresolver/01TULI_INST/openurl?u.ignore_date_coverage=true&amp;rft.mms_id=991036719716003811</subfield><subfield code='e'>DOAB Directory of Open Access Books</subfield><subfield code='c'>DOAB Directory of Open Access Books</subfield><subfield code='h'>613680000000000027</subfield><subfield code='8'>53345151530003811</subfield></datafield></record>