
  <record xmlns='http://www.loc.gov/MARC21/slim'><leader>00951pam a2200301 a 4500</leader><controlfield tag='005'>19920315074635.8</controlfield><controlfield tag='008'>910202s1990    tnu      b    00110 eng  </controlfield><controlfield tag='001'>991017462349703811</controlfield><datafield ind1=' ' ind2=' ' tag='010'><subfield code='a'>90035783</subfield></datafield><datafield ind1=' ' ind2=' ' tag='020'><subfield code='a'>0687203325 (pbk.)</subfield><subfield code='c'>13.95</subfield></datafield><datafield ind1=' ' ind2=' ' tag='035'><subfield code='a'>(PPT)b48917308-01tuli_inst</subfield></datafield><datafield ind1=' ' ind2=' ' tag='040'><subfield code='a'>DLC</subfield><subfield code='c'>DLC</subfield><subfield code='d'>DLC</subfield></datafield><datafield ind1='0' ind2='0' tag='050'><subfield code='a'>BM535</subfield><subfield code='b'>.H32 1990</subfield></datafield><datafield ind1=' ' ind2=' ' tag='069'><subfield code='a'>00621221</subfield></datafield><datafield ind1=' ' ind2=' ' tag='090'><subfield code='a'>BM 535 .H32 1990</subfield></datafield><datafield ind1='1' ind2=' ' tag='100'><subfield code='a'>Harrelson, Walter J.</subfield></datafield><datafield ind1='1' ind2='0' tag='245'><subfield code='a'>Jews &amp; Christians :</subfield><subfield code='b'>a troubled family /</subfield><subfield code='c'>Walter Harrelson &amp; Randall M. Falk.</subfield></datafield><datafield ind1='0' ind2=' ' tag='260'><subfield code='a'>Nashville :</subfield><subfield code='b'>Abingdon Press,</subfield><subfield code='c'>c1990.</subfield></datafield><datafield ind1=' ' ind2=' ' tag='300'><subfield code='a'>208 p. ;</subfield><subfield code='c'>22 cm.</subfield></datafield><datafield ind1=' ' ind2=' ' tag='504'><subfield code='a'>Includes bibliographical references (p. 199-201) and indexes.</subfield></datafield><datafield ind1=' ' ind2='0' tag='650'><subfield code='a'>Judaism</subfield><subfield code='x'>Relations</subfield><subfield code='x'>Christianity.</subfield></datafield><datafield ind1=' ' ind2='0' tag='650'><subfield code='a'>Christianity and other religions</subfield><subfield code='x'>Judaism.</subfield></datafield><datafield ind1='1' ind2=' ' tag='700'><subfield code='a'>Falk, Randall M.</subfield></datafield><datafield ind1='0' ind2='1' tag='740'><subfield code='a'>Jews and Christians.</subfield></datafield><datafield ind1=' ' ind2=' ' tag='907'><subfield code='a'>.b48917308</subfield><subfield code='b'>jt   </subfield><subfield code='c'>-</subfield></datafield><datafield ind1=' ' ind2=' ' tag='902'><subfield code='a'>111025</subfield></datafield><datafield ind1=' ' ind2=' ' tag='998'><subfield code='b'>1</subfield><subfield code='c'>110807</subfield><subfield code='d'>m</subfield><subfield code='e'>a</subfield><subfield code='f'>-</subfield><subfield code='g'>0</subfield></datafield><datafield ind1=' ' ind2=' ' tag='915'><subfield code='a'>5715</subfield></datafield><datafield ind1=' ' ind2=' ' tag='998'><subfield code='b'>1</subfield><subfield code='c'>110807</subfield><subfield code='d'>m</subfield><subfield code='e'>a</subfield><subfield code='f'>-</subfield><subfield code='g'>0</subfield></datafield><datafield ind1=' ' ind2=' ' tag='945'><subfield code='l'>jtcas</subfield><subfield code='g'>1</subfield></datafield><datafield ind1=' ' ind2=' ' tag='ADM'><subfield code='e'>b48917308-01tuli_inst</subfield><subfield code='d'>ILS</subfield><subfield code='a'>2017-06-20 08:23:41</subfield><subfield code='c'>false</subfield></datafield><datafield ind1='0' ind2=' ' tag='HLD'><subfield code='b'>JAPAN</subfield><subfield code='c'>stacks</subfield><subfield code='h'>BM 535 .H32 1990</subfield><subfield code='8'>22281419360003811</subfield></datafield><datafield ind1=' ' ind2=' ' tag='ITM'><subfield code='r'>22281419360003811</subfield><subfield code='b'>1</subfield><subfield code='h'>0</subfield><subfield code='g'>stacks</subfield><subfield code='t'>BOOK</subfield><subfield code='9'>31982060006584</subfield><subfield code='e'>stacks</subfield><subfield code='8'>23281419350003811</subfield><subfield code='a'>0</subfield><subfield code='q'>2017-06-20 08:23:41</subfield><subfield code='i'>BM 535 .H32 1990</subfield><subfield code='d'>JAPAN</subfield><subfield code='f'>JAPAN</subfield></datafield></record>