
  <record xmlns='http://www.loc.gov/MARC21/slim'><leader>00952nam a2200301 a 4500</leader><controlfield tag='008'>021017s2002    enk           000 0 eng c</controlfield><controlfield tag='005'>20170826031559.0</controlfield><controlfield tag='001'>991034714839703811</controlfield><datafield ind1=' ' ind2=' ' tag='020'><subfield code='a'>1900564971</subfield></datafield><datafield ind1=' ' ind2=' ' tag='035'><subfield code='a'>(PPT)b26459413-01tuli_inst</subfield></datafield><datafield ind1=' ' ind2=' ' tag='035'><subfield code='a'>(CStRLIN)ocn489485309</subfield><subfield code='9'>ExL</subfield></datafield><datafield ind1=' ' ind2=' ' tag='035'><subfield code='a'>PPTb26459413</subfield></datafield><datafield ind1=' ' ind2=' ' tag='035'><subfield code='a'>ocm50800281</subfield></datafield><datafield ind1=' ' ind2=' ' tag='035'><subfield code='a'>(OCLC)ocm50800281</subfield></datafield><datafield ind1=' ' ind2=' ' tag='040'><subfield code='a'>BUF</subfield><subfield code='c'>BUF</subfield><subfield code='d'>EYM</subfield><subfield code='d'>PPT</subfield></datafield><datafield ind1=' ' ind2=' ' tag='042'><subfield code='a'>pcc</subfield></datafield><datafield ind1=' ' ind2=' ' tag='079'><subfield code='a'>ocm50800281</subfield></datafield><datafield ind1=' ' ind2=' ' tag='090'><subfield code='a'>PR6025.I25</subfield><subfield code='b'>C79x 2002</subfield></datafield><datafield ind1='1' ind2=' ' tag='100'><subfield code='a'>Middleton, Christopher,</subfield><subfield code='d'>1926-2015.</subfield></datafield><datafield ind1='1' ind2='0' tag='245'><subfield code='a'>Crypto-topographia :</subfield><subfield code='b'>stories of secret places /</subfield><subfield code='c'>Christopher Middleton.</subfield></datafield><datafield ind1=' ' ind2=' ' tag='260'><subfield code='a'>London :</subfield><subfield code='b'>Enitharmon Press ;</subfield><subfield code='a'>Chester Springs, PA :</subfield><subfield code='b'>distributed in the USA and Canada by Dufour Editions,</subfield><subfield code='c'>2002.</subfield></datafield><datafield ind1=' ' ind2=' ' tag='300'><subfield code='a'>94 p. ;</subfield><subfield code='c'>22 cm.</subfield></datafield><datafield ind1=' ' ind2=' ' tag='902'><subfield code='a'>110512</subfield></datafield><datafield ind1=' ' ind2=' ' tag='907'><subfield code='a'>.b26459413</subfield><subfield code='b'>p    </subfield><subfield code='c'>-</subfield></datafield><datafield ind1=' ' ind2=' ' tag='945'><subfield code='l'>pstk </subfield><subfield code='g'>1</subfield></datafield><datafield ind1=' ' ind2=' ' tag='979'><subfield code='a'>ocm50800281</subfield></datafield><datafield ind1=' ' ind2=' ' tag='998'><subfield code='b'>2</subfield><subfield code='c'>030801</subfield><subfield code='d'>m</subfield><subfield code='e'>a</subfield><subfield code='f'>-</subfield><subfield code='g'>0</subfield></datafield><datafield ind1=' ' ind2=' ' tag='998'><subfield code='a'>8/01/02</subfield><subfield code='s'>RLIN</subfield><subfield code='c'>MW</subfield></datafield><datafield ind1=' ' ind2=' ' tag='ADM'><subfield code='b'>2017-08-26 07:15:59</subfield><subfield code='e'>b26459413-01tuli_inst</subfield><subfield code='d'>ILS</subfield><subfield code='a'>2017-06-20 12:05:50</subfield><subfield code='c'>false</subfield></datafield><datafield ind1='0' ind2=' ' tag='HLD'><subfield code='b'>MAIN</subfield><subfield code='c'>stacks</subfield><subfield code='h'>PR6025.I25</subfield><subfield code='i'>C79x 2002</subfield><subfield code='8'>22315745250003811</subfield></datafield><datafield ind1=' ' ind2=' ' tag='ITM'><subfield code='r'>22315745250003811</subfield><subfield code='b'>1</subfield><subfield code='h'>0</subfield><subfield code='g'>stacks</subfield><subfield code='t'>BOOK</subfield><subfield code='9'>39074016146136</subfield><subfield code='e'>stacks</subfield><subfield code='8'>23315745240003811</subfield><subfield code='a'>0</subfield><subfield code='q'>2017-06-20 12:05:50</subfield><subfield code='i'>PR6025.I25 C79x 2002</subfield><subfield code='d'>MAIN</subfield><subfield code='f'>MAIN</subfield></datafield></record>