
  <record xmlns='http://www.loc.gov/MARC21/slim'><leader>01027nam a22003491a 4500</leader><controlfield tag='005'>20170825193815.0</controlfield><controlfield tag='008'>950801c19701968enkabc   b    00010 eng  </controlfield><controlfield tag='001'>991020298089703811</controlfield><datafield ind1=' ' ind2=' ' tag='035'><subfield code='a'>(PPT)b14165430-01tuli_inst</subfield></datafield><datafield ind1=' ' ind2=' ' tag='035'><subfield code='a'>(CStRLIN)ocn471408009</subfield><subfield code='9'>ExL</subfield></datafield><datafield ind1=' ' ind2=' ' tag='035'><subfield code='a'>PATG95-B47916</subfield></datafield><datafield ind1=' ' ind2=' ' tag='035'><subfield code='a'>ocm00397909</subfield></datafield><datafield ind1=' ' ind2=' ' tag='035'><subfield code='a'>(OCLC)ocm00397909</subfield></datafield><datafield ind1=' ' ind2=' ' tag='040'><subfield code='a'>PPT</subfield><subfield code='d'>PPT</subfield></datafield><datafield ind1=' ' ind2=' ' tag='079'><subfield code='a'>ocm00397909</subfield></datafield><datafield ind1=' ' ind2=' ' tag='090'><subfield code='a'>DS117.F3 1970</subfield></datafield><datafield ind1='1' ind2=' ' tag='100'><subfield code='a'>Fast, Howard,</subfield><subfield code='d'>1914-2003</subfield></datafield><datafield ind1='1' ind2='4' tag='245'><subfield code='a'>The Jews :</subfield><subfield code='b'>story of a people /</subfield><subfield code='c'>by Howard Fast.</subfield></datafield><datafield ind1=' ' ind2=' ' tag='260'><subfield code='a'>New York:</subfield><subfield code='b'>Dial Press,</subfield><subfield code='c'>1968.</subfield></datafield><datafield ind1=' ' ind2=' ' tag='300'><subfield code='a'>338 p.:</subfield><subfield code='b'>ill., maps, ports.;</subfield><subfield code='c'>24 cm.</subfield></datafield><datafield ind1=' ' ind2=' ' tag='504'><subfield code='a'>Includes bibliographical references (p. [335]-338).</subfield></datafield><datafield ind1=' ' ind2='0' tag='650'><subfield code='a'>Jews</subfield><subfield code='x'>History.</subfield></datafield><datafield ind1=' ' ind2=' ' tag='902'><subfield code='a'>110919</subfield></datafield><datafield ind1=' ' ind2=' ' tag='907'><subfield code='a'>.b14165430</subfield><subfield code='b'>multi</subfield><subfield code='c'>-</subfield></datafield><datafield ind1=' ' ind2=' ' tag='935'><subfield code='a'>00448926</subfield></datafield><datafield ind1=' ' ind2=' ' tag='945'><subfield code='l'>astk </subfield><subfield code='g'>1</subfield></datafield><datafield ind1=' ' ind2=' ' tag='945'><subfield code='l'>pstk </subfield><subfield code='g'>1</subfield></datafield><datafield ind1=' ' ind2=' ' tag='950'><subfield code='l'>P</subfield><subfield code='i'>08/01/95 N</subfield></datafield><datafield ind1=' ' ind2=' ' tag='955'><subfield code='l'>P</subfield><subfield code='c'>0</subfield><subfield code='i'>08/01/95 C</subfield></datafield><datafield ind1=' ' ind2=' ' tag='979'><subfield code='a'>ocm00397909</subfield></datafield><datafield ind1=' ' ind2=' ' tag='998'><subfield code='b'>2</subfield><subfield code='c'>990101</subfield><subfield code='d'>m</subfield><subfield code='e'>a</subfield><subfield code='f'>-</subfield><subfield code='g'>4</subfield></datafield><datafield ind1=' ' ind2=' ' tag='998'><subfield code='a'>08/01/95</subfield><subfield code='t'>c</subfield><subfield code='s'>9114</subfield><subfield code='l'>PATG</subfield><subfield code='n'>PPT</subfield><subfield code='d'>08/01/95</subfield><subfield code='b'>RK</subfield></datafield><datafield ind1=' ' ind2=' ' tag='ADM'><subfield code='b'>2017-08-25 23:38:15</subfield><subfield code='e'>b14165430-01tuli_inst</subfield><subfield code='d'>ILS</subfield><subfield code='a'>2017-06-20 10:52:49</subfield><subfield code='c'>false</subfield></datafield><datafield ind1='0' ind2=' ' tag='HLD'><subfield code='b'>AMBLER</subfield><subfield code='c'>stacks</subfield><subfield code='h'>DS117.F3 1970</subfield><subfield code='8'>22306976340003811</subfield></datafield><datafield ind1='0' ind2=' ' tag='HLD'><subfield code='b'>MAIN</subfield><subfield code='c'>stacks</subfield><subfield code='h'>DS117.F3 1970</subfield><subfield code='8'>22306976360003811</subfield></datafield><datafield ind1=' ' ind2=' ' tag='ITM'><subfield code='r'>22306976360003811</subfield><subfield code='b'>1</subfield><subfield code='h'>0</subfield><subfield code='g'>stacks</subfield><subfield code='t'>BOOK</subfield><subfield code='9'>39074003446382</subfield><subfield code='e'>stacks</subfield><subfield code='8'>23306976350003811</subfield><subfield code='a'>0</subfield><subfield code='q'>2017-06-20 10:52:49</subfield><subfield code='i'>DS117.F3 1970</subfield><subfield code='d'>MAIN</subfield><subfield code='f'>MAIN</subfield></datafield><datafield ind1=' ' ind2=' ' tag='ITM'><subfield code='r'>22306976340003811</subfield><subfield code='b'>1</subfield><subfield code='h'>0</subfield><subfield code='g'>stacks</subfield><subfield code='t'>BOOK</subfield><subfield code='9'>39074001639871</subfield><subfield code='e'>stacks</subfield><subfield code='8'>23306976330003811</subfield><subfield code='a'>0</subfield><subfield code='q'>2017-06-20 10:52:49</subfield><subfield code='i'>DS117.F3 1970</subfield><subfield code='d'>AMBLER</subfield><subfield code='f'>AMBLER</subfield></datafield></record>