
  <record xmlns='http://www.loc.gov/MARC21/slim'><leader>01104pam a2200337 a 4500</leader><controlfield tag='005'>20180315125438.0</controlfield><controlfield tag='008'>951011s1996    nbu      b    001 0 eng  </controlfield><controlfield tag='001'>991035870589703811</controlfield><datafield ind1=' ' ind2=' ' tag='010'><subfield code='a'>95045639</subfield></datafield><datafield ind1=' ' ind2=' ' tag='020'><subfield code='a'>0803221584 (cl : alk. paper)</subfield></datafield><datafield ind1=' ' ind2=' ' tag='035'><subfield code='a'>(PPT)b17465655-01tuli_inst</subfield></datafield><datafield ind1=' ' ind2=' ' tag='035'><subfield code='a'>(DLC    )ocn477412473</subfield><subfield code='9'>ExL</subfield></datafield><datafield ind1=' ' ind2=' ' tag='035'><subfield code='a'>DLC   95045639</subfield></datafield><datafield ind1=' ' ind2=' ' tag='035'><subfield code='a'>ocm33358118</subfield></datafield><datafield ind1=' ' ind2=' ' tag='035'><subfield code='a'>(OCLC)ocm33358118</subfield></datafield><datafield ind1=' ' ind2=' ' tag='040'><subfield code='a'>DLC</subfield><subfield code='c'>DLC</subfield><subfield code='d'>OrLoB</subfield><subfield code='d'>OrLoB</subfield></datafield><datafield ind1=' ' ind2=' ' tag='079'><subfield code='a'>ocm33358118</subfield></datafield><datafield ind1=' ' ind2=' ' tag='090'><subfield code='a'>DS143.G43 1996</subfield></datafield><datafield ind1='1' ind2=' ' tag='100'><subfield code='a'>Gilman, Sander L.</subfield></datafield><datafield ind1='1' ind2='0' tag='245'><subfield code='a'>Smart Jews :</subfield><subfield code='b'>the construction of the image of Jewish superior intelligence /</subfield><subfield code='c'>Sander L. Gilman.</subfield></datafield><datafield ind1=' ' ind2=' ' tag='260'><subfield code='a'>Lincoln :</subfield><subfield code='b'>University of Nebraska Press,</subfield><subfield code='c'>c1996.</subfield></datafield><datafield ind1=' ' ind2=' ' tag='300'><subfield code='a'>viii, 246 p. ;</subfield><subfield code='c'>24 cm.</subfield></datafield><datafield ind1=' ' ind2=' ' tag='504'><subfield code='a'>Includes bibliographical references (p. 207-237) and index.</subfield></datafield><datafield ind1=' ' ind2='0' tag='650'><subfield code='a'>Jews</subfield><subfield code='x'>Intelligence levels</subfield><subfield code='x'>Public opinion.</subfield></datafield><datafield ind1=' ' ind2='0' tag='650'><subfield code='a'>Jews</subfield><subfield code='x'>Public opinion.</subfield></datafield><datafield ind1=' ' ind2='0' tag='650'><subfield code='a'>Jews</subfield><subfield code='x'>Intellectual life.</subfield></datafield><datafield ind1=' ' ind2=' ' tag='907'><subfield code='a'>.b17465655</subfield><subfield code='b'>p    </subfield><subfield code='c'>-</subfield></datafield><datafield ind1=' ' ind2=' ' tag='935'><subfield code='a'>00812624</subfield></datafield><datafield ind1=' ' ind2=' ' tag='945'><subfield code='l'>pstk </subfield><subfield code='g'>1</subfield></datafield><datafield ind1=' ' ind2=' ' tag='979'><subfield code='a'>ocm33358118</subfield></datafield><datafield ind1=' ' ind2=' ' tag='998'><subfield code='b'>1</subfield><subfield code='c'>990101</subfield><subfield code='d'>m</subfield><subfield code='e'>a</subfield><subfield code='f'>-</subfield><subfield code='g'>0</subfield></datafield><datafield ind1=' ' ind2=' ' tag='ADM'><subfield code='b'>2018-03-15 16:54:38</subfield><subfield code='e'>b17465655-01tuli_inst</subfield><subfield code='d'>ILS</subfield><subfield code='a'>2017-06-20 06:38:16</subfield><subfield code='c'>false</subfield></datafield><datafield ind1='0' ind2=' ' tag='HLD'><subfield code='b'>MAIN</subfield><subfield code='c'>stacks</subfield><subfield code='h'>DS143.G43 1996</subfield><subfield code='8'>22251642440003811</subfield></datafield><datafield ind1=' ' ind2=' ' tag='ITM'><subfield code='r'>22251642440003811</subfield><subfield code='b'>1</subfield><subfield code='h'>0</subfield><subfield code='g'>stacks</subfield><subfield code='t'>BOOK</subfield><subfield code='9'>39074011007978</subfield><subfield code='e'>stacks</subfield><subfield code='8'>23251642420003811</subfield><subfield code='a'>0</subfield><subfield code='q'>2017-06-20 06:38:16</subfield><subfield code='i'>DS143.G43 1996</subfield><subfield code='d'>MAIN</subfield><subfield code='f'>MAIN</subfield></datafield></record>