
  <record xmlns='http://www.loc.gov/MARC21/slim'><leader>01133nam a22003738  4500</leader><controlfield tag='008'>850802s1985    nyuafo        00010 eng  </controlfield><controlfield tag='005'>20170825233806.0</controlfield><controlfield tag='001'>991015799799703811</controlfield><datafield ind1=' ' ind2=' ' tag='010'><subfield code='a'>84023600</subfield></datafield><datafield ind1=' ' ind2=' ' tag='020'><subfield code='a'>0805239804</subfield></datafield><datafield ind1=' ' ind2=' ' tag='035'><subfield code='a'>(PPT)b13219972-01tuli_inst</subfield></datafield><datafield ind1=' ' ind2=' ' tag='035'><subfield code='a'>ocn471284346</subfield><subfield code='9'>ExL</subfield></datafield><datafield ind1=' ' ind2=' ' tag='035'><subfield code='a'>PATG85-B21003</subfield></datafield><datafield ind1=' ' ind2=' ' tag='035'><subfield code='a'>ocm11398819</subfield></datafield><datafield ind1=' ' ind2=' ' tag='035'><subfield code='a'>(OCLC)ocm11398819</subfield></datafield><datafield ind1=' ' ind2=' ' tag='040'><subfield code='d'>CStRLIN</subfield><subfield code='d'>PPT</subfield></datafield><datafield ind1=' ' ind2=' ' tag='043'><subfield code='a'>a-is---</subfield><subfield code='a'>a-ye---</subfield></datafield><datafield ind1=' ' ind2=' ' tag='079'><subfield code='a'>ocm11398819</subfield></datafield><datafield ind1=' ' ind2=' ' tag='090'><subfield code='a'>DS113.8.Y4O95 1985</subfield></datafield><datafield ind1='1' ind2='0' tag='100'><subfield code='a'>Ozeri, Zion Mansour,</subfield><subfield code='d'>1951-</subfield></datafield><datafield ind1='1' ind2='0' tag='245'><subfield code='a'>Yemenite Jews :</subfield><subfield code='b'>a photographic essay /</subfield><subfield code='c'>Zion Mansour Ozeri.</subfield></datafield><datafield ind1=' ' ind2=' ' tag='260'><subfield code='a'>New York :</subfield><subfield code='b'>Schocken Books,</subfield><subfield code='c'>1985.</subfield></datafield><datafield ind1=' ' ind2=' ' tag='300'><subfield code='a'>xiv, [80] p., [78] p. of plates ;</subfield><subfield code='c'>27 cm.</subfield></datafield><datafield ind1=' ' ind2='0' tag='650'><subfield code='a'>Jews, Yemeni</subfield><subfield code='z'>Israel</subfield><subfield code='x'>Pictorial works.</subfield></datafield><datafield ind1=' ' ind2='0' tag='651'><subfield code='a'>Israel</subfield><subfield code='v'>Pictorial works.</subfield></datafield><datafield ind1=' ' ind2=' ' tag='902'><subfield code='a'>091201</subfield></datafield><datafield ind1=' ' ind2=' ' tag='907'><subfield code='a'>.b13219972</subfield><subfield code='b'>p    </subfield><subfield code='c'>-</subfield></datafield><datafield ind1=' ' ind2=' ' tag='935'><subfield code='a'>00341888</subfield></datafield><datafield ind1=' ' ind2=' ' tag='945'><subfield code='l'>pstk </subfield><subfield code='g'>1</subfield></datafield><datafield ind1=' ' ind2=' ' tag='950'><subfield code='l'>P</subfield><subfield code='i'>08/02/85 C</subfield></datafield><datafield ind1=' ' ind2=' ' tag='955'><subfield code='l'>P</subfield><subfield code='i'>08/02/85 C</subfield></datafield><datafield ind1=' ' ind2=' ' tag='979'><subfield code='a'>ocm11398819</subfield></datafield><datafield ind1=' ' ind2=' ' tag='998'><subfield code='b'>1</subfield><subfield code='c'>990101</subfield><subfield code='d'>m</subfield><subfield code='e'>a</subfield><subfield code='f'>-</subfield><subfield code='g'>0</subfield></datafield><datafield ind1=' ' ind2=' ' tag='998'><subfield code='a'>08/02/85</subfield><subfield code='t'>c</subfield><subfield code='s'>9110</subfield><subfield code='n'>PPT</subfield><subfield code='w'>PAUG85B24758</subfield><subfield code='d'>08/02/85</subfield><subfield code='c'>MFK</subfield><subfield code='b'>MK</subfield><subfield code='i'>850802</subfield><subfield code='l'>PATG</subfield></datafield><datafield ind1=' ' ind2=' ' tag='ADM'><subfield code='b'>2017-08-26 03:38:06</subfield><subfield code='e'>b13219972-01tuli_inst</subfield><subfield code='d'>ILS</subfield><subfield code='a'>2017-06-20 07:54:49</subfield><subfield code='c'>false</subfield></datafield><datafield ind1='0' ind2=' ' tag='HLD'><subfield code='b'>MAIN</subfield><subfield code='c'>stacks</subfield><subfield code='h'>DS113.8.Y4O95 1985</subfield><subfield code='8'>22274416800003811</subfield></datafield><datafield ind1=' ' ind2=' ' tag='ITM'><subfield code='r'>22274416800003811</subfield><subfield code='b'>1</subfield><subfield code='h'>0</subfield><subfield code='g'>stacks</subfield><subfield code='t'>BOOK</subfield><subfield code='9'>39074003515913</subfield><subfield code='e'>stacks</subfield><subfield code='8'>23274416790003811</subfield><subfield code='a'>0</subfield><subfield code='q'>2017-06-20 07:54:49</subfield><subfield code='i'>DS113.8.Y4O95 1985</subfield><subfield code='d'>MAIN</subfield><subfield code='f'>MAIN</subfield></datafield></record>