
  <record xmlns='http://www.loc.gov/MARC21/slim'><leader>01149pam a22003734a 4500</leader><controlfield tag='005'>20170825205408.0</controlfield><controlfield tag='008'>080311s2009    njuabf   b    001 0 eng  </controlfield><controlfield tag='001'>991030426959703811</controlfield><datafield ind1=' ' ind2=' ' tag='010'><subfield code='a'>2008010849</subfield></datafield><datafield ind1=' ' ind2=' ' tag='020'><subfield code='a'>9780131786875</subfield></datafield><datafield ind1=' ' ind2=' ' tag='020'><subfield code='a'>0131786873</subfield></datafield><datafield ind1=' ' ind2=' ' tag='035'><subfield code='a'>(PPT)b3555194x-01tuli_inst</subfield></datafield><datafield ind1=' ' ind2=' ' tag='035'><subfield code='a'>(OCoLC)ocn492456529</subfield><subfield code='9'>ExL</subfield></datafield><datafield ind1=' ' ind2=' ' tag='035'><subfield code='a'>(OCoLC)213375858</subfield><subfield code='z'>(OCoLC)184828752</subfield></datafield><datafield ind1=' ' ind2=' ' tag='035'><subfield code='a'>ocn213375858</subfield></datafield><datafield ind1=' ' ind2=' ' tag='035'><subfield code='a'>(OCLC)ocn213375858</subfield></datafield><datafield ind1=' ' ind2=' ' tag='040'><subfield code='a'>DLC</subfield><subfield code='c'>DLC</subfield><subfield code='d'>BTCTA</subfield><subfield code='d'>BAKER</subfield><subfield code='d'>C#P</subfield></datafield><datafield ind1=' ' ind2=' ' tag='079'><subfield code='a'>ocn213375858</subfield></datafield><datafield ind1=' ' ind2=' ' tag='090'><subfield code='a'>DS117</subfield><subfield code='b'>.J424 2009</subfield></datafield><datafield ind1='0' ind2='4' tag='245'><subfield code='a'>The Jews :</subfield><subfield code='b'>a history /</subfield><subfield code='c'>John Efron ... [et al.].</subfield></datafield><datafield ind1=' ' ind2=' ' tag='260'><subfield code='a'>Upper Saddle River, N.J. :</subfield><subfield code='b'>Pearson Prentice Hall,</subfield><subfield code='c'>c2009.</subfield></datafield><datafield ind1=' ' ind2=' ' tag='300'><subfield code='a'>1 v. (various pagings), [12] p. of plates :</subfield><subfield code='b'>ill. (some col.), maps ;</subfield><subfield code='c'>26 cm.</subfield></datafield><datafield ind1=' ' ind2=' ' tag='504'><subfield code='a'>Includes bibliographical references and index.</subfield></datafield><datafield ind1=' ' ind2='0' tag='650'><subfield code='a'>Jews</subfield><subfield code='x'>History.</subfield></datafield><datafield ind1=' ' ind2='0' tag='650'><subfield code='a'>Judaism</subfield><subfield code='x'>History.</subfield></datafield><datafield ind1='1' ind2=' ' tag='700'><subfield code='a'>Efron, John M.</subfield></datafield><datafield ind1=' ' ind2=' ' tag='901'><subfield code='a'>BNA</subfield></datafield><datafield ind1=' ' ind2=' ' tag='901'><subfield code='a'>R0723622</subfield></datafield><datafield ind1=' ' ind2=' ' tag='902'><subfield code='a'>140428</subfield></datafield><datafield ind1=' ' ind2=' ' tag='902'><subfield code='a'>080813AB0701</subfield></datafield><datafield ind1=' ' ind2=' ' tag='907'><subfield code='a'>.b3555194x</subfield><subfield code='b'>p    </subfield><subfield code='c'>-</subfield></datafield><datafield ind1=' ' ind2=' ' tag='945'><subfield code='l'>pstk </subfield><subfield code='g'>1</subfield></datafield><datafield ind1=' ' ind2=' ' tag='979'><subfield code='a'>ocn213375858</subfield></datafield><datafield ind1=' ' ind2=' ' tag='998'><subfield code='b'>1</subfield><subfield code='c'>080821</subfield><subfield code='d'>m</subfield><subfield code='e'>a</subfield><subfield code='f'>-</subfield><subfield code='g'>4</subfield></datafield><datafield ind1=' ' ind2=' ' tag='ADM'><subfield code='b'>2017-08-26 00:54:08</subfield><subfield code='e'>b3555194x-01tuli_inst</subfield><subfield code='d'>ILS</subfield><subfield code='a'>2017-06-20 07:47:11</subfield><subfield code='c'>false</subfield></datafield><datafield ind1='0' ind2=' ' tag='HLD'><subfield code='b'>MAIN</subfield><subfield code='c'>stacks</subfield><subfield code='h'>DS117</subfield><subfield code='i'>.J424 2009</subfield><subfield code='8'>22272284170003811</subfield></datafield><datafield ind1=' ' ind2=' ' tag='ITM'><subfield code='r'>22272284170003811</subfield><subfield code='b'>1</subfield><subfield code='h'>0</subfield><subfield code='g'>stacks</subfield><subfield code='t'>BOOK</subfield><subfield code='9'>39074025545955</subfield><subfield code='e'>stacks</subfield><subfield code='8'>23272284140003811</subfield><subfield code='a'>0</subfield><subfield code='q'>2017-06-20 07:47:11</subfield><subfield code='i'>DS117 .J424 2009</subfield><subfield code='d'>MAIN</subfield><subfield code='f'>MAIN</subfield></datafield></record>