
  <record xmlns='http://www.loc.gov/MARC21/slim'><leader>01150nam a2200349   4500</leader><controlfield tag='008'>720215s1971    nyu      b    001 0 eng  </controlfield><controlfield tag='001'>991000550799703811</controlfield><datafield ind1=' ' ind2=' ' tag='010'><subfield code='a'>75152858</subfield></datafield><datafield ind1=' ' ind2=' ' tag='020'><subfield code='a'>0394473493</subfield></datafield><datafield ind1=' ' ind2=' ' tag='020'><subfield code='a'>0394316452 (text ed.)</subfield></datafield><datafield ind1=' ' ind2=' ' tag='035'><subfield code='a'>(PPT)b10140785-01tuli_inst</subfield></datafield><datafield ind1=' ' ind2=' ' tag='035'><subfield code='a'>ocn467009932</subfield><subfield code='9'>ExL</subfield></datafield><datafield ind1=' ' ind2=' ' tag='035'><subfield code='a'>PATG00258000B</subfield></datafield><datafield ind1=' ' ind2=' ' tag='090'><subfield code='a'>E184.J5</subfield><subfield code='b'>S547</subfield></datafield><datafield ind1='1' ind2=' ' tag='100'><subfield code='a'>Sklare, Marshall,</subfield><subfield code='d'>1921-</subfield></datafield><datafield ind1='1' ind2='0' tag='245'><subfield code='a'>America&apos;s Jews.</subfield></datafield><datafield ind1=' ' ind2=' ' tag='250'><subfield code='a'>[1st ed.]</subfield></datafield><datafield ind1=' ' ind2=' ' tag='260'><subfield code='a'>New York,</subfield><subfield code='b'>Random House</subfield><subfield code='c'>[c1971]</subfield></datafield><datafield ind1=' ' ind2=' ' tag='300'><subfield code='a'>xiv, 234 p.</subfield><subfield code='c'>21 cm.</subfield></datafield><datafield ind1='0' ind2=' ' tag='490'><subfield code='a'>Ethnic groups in comparative perspective</subfield></datafield><datafield ind1=' ' ind2=' ' tag='504'><subfield code='a'>Includes bibliographical references and index.</subfield></datafield><datafield ind1=' ' ind2=' ' tag='590'><subfield code='a'>Given by Drs. Jonathan and Susan Sachs in honor of Drs. Franklin and Marcia Sachs Littell.</subfield></datafield><datafield ind1=' ' ind2='0' tag='650'><subfield code='a'>Jews</subfield><subfield code='z'>United States</subfield><subfield code='x'>Politics and government.</subfield></datafield><datafield ind1=' ' ind2='0' tag='650'><subfield code='a'>Jews</subfield><subfield code='z'>United States</subfield><subfield code='x'>Social conditions.</subfield></datafield><datafield ind1='0' ind2=' ' tag='740'><subfield code='a'>Franklin and Marcia Sachs Littell Collection.</subfield><subfield code='5'>PPT</subfield></datafield><datafield ind1=' ' ind2=' ' tag='907'><subfield code='a'>.b10140785</subfield><subfield code='b'>multi</subfield><subfield code='c'>-</subfield></datafield><datafield ind1=' ' ind2=' ' tag='902'><subfield code='a'>130919</subfield></datafield><datafield ind1=' ' ind2=' ' tag='998'><subfield code='b'>1</subfield><subfield code='c'>990101</subfield><subfield code='d'>m</subfield><subfield code='e'>a</subfield><subfield code='f'>-</subfield><subfield code='g'>0</subfield></datafield><datafield ind1=' ' ind2=' ' tag='935'><subfield code='a'>00015016</subfield></datafield><datafield ind1=' ' ind2=' ' tag='950'><subfield code='l'>P</subfield><subfield code='x'>1</subfield><subfield code='i'>01/01/01 N</subfield></datafield><datafield ind1=' ' ind2=' ' tag='955'><subfield code='c'>-</subfield><subfield code='u'>a=829344    mmw</subfield></datafield><datafield ind1=' ' ind2=' ' tag='998'><subfield code='n'>PPT</subfield><subfield code='s'>9665</subfield></datafield><datafield ind1=' ' ind2=' ' tag='945'><subfield code='l'>pstk </subfield><subfield code='g'>1</subfield></datafield><datafield ind1=' ' ind2=' ' tag='945'><subfield code='l'>srare</subfield><subfield code='a'>E184.J5</subfield><subfield code='b'>S547 1971 Littell     </subfield><subfield code='g'>1</subfield></datafield><datafield ind1=' ' ind2=' ' tag='ADM'><subfield code='e'>b10140785-01tuli_inst</subfield><subfield code='d'>ILS</subfield><subfield code='a'>2017-06-20 06:12:21</subfield><subfield code='c'>false</subfield></datafield><datafield ind1='0' ind2=' ' tag='HLD'><subfield code='b'>SCRC</subfield><subfield code='c'>rarestacks</subfield><subfield code='h'>E184.J5 S547 1971 Littell</subfield><subfield code='8'>22243092990003811</subfield></datafield><datafield ind1='0' ind2=' ' tag='HLD'><subfield code='b'>MAIN</subfield><subfield code='c'>stacks</subfield><subfield code='h'>E184.J5</subfield><subfield code='i'>S547</subfield><subfield code='8'>22243093040003811</subfield></datafield><datafield ind1=' ' ind2=' ' tag='ITM'><subfield code='r'>22243093040003811</subfield><subfield code='b'>1</subfield><subfield code='h'>0</subfield><subfield code='g'>stacks</subfield><subfield code='t'>BOOK</subfield><subfield code='9'>39074000354902</subfield><subfield code='e'>stacks</subfield><subfield code='8'>23243093010003811</subfield><subfield code='a'>0</subfield><subfield code='q'>2017-06-20 06:12:21</subfield><subfield code='i'>E184.J5 S547</subfield><subfield code='d'>MAIN</subfield><subfield code='f'>MAIN</subfield></datafield><datafield ind1=' ' ind2=' ' tag='ITM'><subfield code='r'>22243092990003811</subfield><subfield code='b'>1</subfield><subfield code='h'>0</subfield><subfield code='g'>rarestacks</subfield><subfield code='t'>BOOK</subfield><subfield code='9'>39074027351196</subfield><subfield code='e'>rarestacks</subfield><subfield code='8'>23243092980003811</subfield><subfield code='a'>4</subfield><subfield code='q'>2017-06-20 06:12:21</subfield><subfield code='i'>E184.J5 S547 1971 Littell</subfield><subfield code='d'>SCRC</subfield><subfield code='f'>SCRC</subfield></datafield></record>