
  <record xmlns='http://www.loc.gov/MARC21/slim'><leader>01168nam a2200385   4500</leader><controlfield tag='005'>20170825174228.0</controlfield><controlfield tag='008'>950717s1947    nyuf          00000 eng  </controlfield><controlfield tag='001'>991021608599703811</controlfield><datafield ind1=' ' ind2=' ' tag='010'><subfield code='a'>47030584</subfield></datafield><datafield ind1=' ' ind2=' ' tag='035'><subfield code='a'>(PPT)b14469698-01tuli_inst</subfield></datafield><datafield ind1=' ' ind2=' ' tag='035'><subfield code='a'>(CStRLIN)ocn471437420</subfield><subfield code='9'>ExL</subfield></datafield><datafield ind1=' ' ind2=' ' tag='035'><subfield code='a'>PATG95-B44050</subfield></datafield><datafield ind1=' ' ind2=' ' tag='035'><subfield code='a'>ocm01550026</subfield></datafield><datafield ind1=' ' ind2=' ' tag='035'><subfield code='a'>(OCLC)ocm01550026</subfield></datafield><datafield ind1=' ' ind2=' ' tag='040'><subfield code='a'>DLC</subfield><subfield code='c'>F</subfield><subfield code='d'>*OCL*</subfield><subfield code='d'>NNU</subfield><subfield code='d'>CStRLIN</subfield><subfield code='d'>PPT</subfield></datafield><datafield ind1=' ' ind2=' ' tag='079'><subfield code='a'>ocm01550026</subfield></datafield><datafield ind1=' ' ind2=' ' tag='090'><subfield code='a'>DS135.P6V5</subfield></datafield><datafield ind1='1' ind2=' ' tag='100'><subfield code='a'>Vishniac, Roman,</subfield><subfield code='d'>1897-</subfield></datafield><datafield ind1='1' ind2='0' tag='245'><subfield code='a'>Polish Jews;</subfield><subfield code='b'>a pictorial record,</subfield><subfield code='c'>with an introductory essay by Abraham Joshua Heschel.</subfield></datafield><datafield ind1=' ' ind2=' ' tag='260'><subfield code='a'>New York,</subfield><subfield code='b'>Schocken Books</subfield><subfield code='c'>[1947]</subfield></datafield><datafield ind1=' ' ind2=' ' tag='300'><subfield code='a'>16 p. 31 plates</subfield><subfield code='c'>29 cm.</subfield></datafield><datafield ind1=' ' ind2='0' tag='650'><subfield code='a'>Jews</subfield><subfield code='z'>Poland.</subfield></datafield><datafield ind1='1' ind2=' ' tag='700'><subfield code='a'>Heschel, Abraham Joshua,</subfield><subfield code='d'>1907-1972.</subfield></datafield><datafield ind1=' ' ind2=' ' tag='902'><subfield code='a'>120802</subfield></datafield><datafield ind1=' ' ind2=' ' tag='907'><subfield code='a'>.b14469698</subfield><subfield code='b'>k    </subfield><subfield code='c'>-</subfield></datafield><datafield ind1=' ' ind2=' ' tag='935'><subfield code='a'>00482633</subfield></datafield><datafield ind1=' ' ind2=' ' tag='945'><subfield code='l'>kstk </subfield><subfield code='g'>1</subfield></datafield><datafield ind1=' ' ind2=' ' tag='945'><subfield code='l'>kstk </subfield><subfield code='g'>1</subfield></datafield><datafield ind1=' ' ind2=' ' tag='950'><subfield code='l'>P</subfield><subfield code='i'>07/17/95 N</subfield></datafield><datafield ind1=' ' ind2=' ' tag='950'><subfield code='l'>TYL</subfield><subfield code='i'>07/17/95 N</subfield></datafield><datafield ind1=' ' ind2=' ' tag='955'><subfield code='l'>P</subfield><subfield code='c'>0</subfield><subfield code='i'>07/17/95 C</subfield></datafield><datafield ind1=' ' ind2=' ' tag='955'><subfield code='l'>TYL</subfield><subfield code='c'>0</subfield><subfield code='i'>07/17/95 C</subfield></datafield><datafield ind1=' ' ind2=' ' tag='979'><subfield code='a'>ocm01550026</subfield></datafield><datafield ind1=' ' ind2=' ' tag='998'><subfield code='b'>2</subfield><subfield code='c'>990101</subfield><subfield code='d'>m</subfield><subfield code='e'>a</subfield><subfield code='f'>-</subfield><subfield code='g'>0</subfield></datafield><datafield ind1=' ' ind2=' ' tag='998'><subfield code='a'>07/17/95</subfield><subfield code='t'>c</subfield><subfield code='s'>9115</subfield><subfield code='l'>PATG</subfield><subfield code='n'>PPT</subfield><subfield code='w'>NYUG1550026B</subfield><subfield code='d'>07/17/95</subfield><subfield code='b'>MH</subfield></datafield><datafield ind1=' ' ind2=' ' tag='ADM'><subfield code='b'>2017-08-25 21:42:28</subfield><subfield code='e'>b14469698-01tuli_inst</subfield><subfield code='d'>ILS</subfield><subfield code='a'>2017-06-20 14:03:44</subfield><subfield code='c'>false</subfield></datafield><datafield ind1='0' ind2=' ' tag='HLD'><subfield code='b'>KARDON</subfield><subfield code='c'>p_remote</subfield><subfield code='h'>DS135.P6V5</subfield><subfield code='8'>22329068610003811</subfield></datafield><datafield ind1=' ' ind2=' ' tag='ITM'><subfield code='r'>22329068610003811</subfield><subfield code='b'>1</subfield><subfield code='h'>0</subfield><subfield code='g'>p_remote</subfield><subfield code='t'>BOOK</subfield><subfield code='9'>39074011397221</subfield><subfield code='e'>p_remote</subfield><subfield code='8'>23329068590003811</subfield><subfield code='a'>0</subfield><subfield code='q'>2017-06-20 14:03:44</subfield><subfield code='i'>DS135.P6V5</subfield><subfield code='d'>KARDON</subfield><subfield code='f'>KARDON</subfield></datafield><datafield ind1=' ' ind2=' ' tag='ITM'><subfield code='r'>22329068610003811</subfield><subfield code='b'>1</subfield><subfield code='h'>0</subfield><subfield code='g'>p_remote</subfield><subfield code='t'>BOOK</subfield><subfield code='9'>39074001295369</subfield><subfield code='e'>p_remote</subfield><subfield code='8'>23329068600003811</subfield><subfield code='a'>0</subfield><subfield code='q'>2017-06-20 14:03:44</subfield><subfield code='i'>DS135.P6V5</subfield><subfield code='d'>KARDON</subfield><subfield code='f'>KARDON</subfield></datafield></record>