
  <record xmlns='http://www.loc.gov/MARC21/slim'><leader>01174nam a22003491  4500</leader><controlfield tag='005'>20180315214049.0</controlfield><controlfield tag='008'>940908r1966    nyuabe   b    00000 eng  </controlfield><controlfield tag='001'>991032832329703811</controlfield><datafield ind1=' ' ind2=' ' tag='010'><subfield code='a'>66031664</subfield></datafield><datafield ind1=' ' ind2=' ' tag='035'><subfield code='a'>(PPT)b16742977-01tuli_inst</subfield></datafield><datafield ind1=' ' ind2=' ' tag='035'><subfield code='a'>(CStRLIN)ocn476629281</subfield><subfield code='9'>ExL</subfield></datafield><datafield ind1=' ' ind2=' ' tag='035'><subfield code='a'>PATG94-B24264</subfield></datafield><datafield ind1=' ' ind2=' ' tag='035'><subfield code='a'>ocm01550136</subfield></datafield><datafield ind1=' ' ind2=' ' tag='035'><subfield code='a'>(OCLC)ocm01550136</subfield></datafield><datafield ind1=' ' ind2=' ' tag='043'><subfield code='a'>a-cc---</subfield></datafield><datafield ind1=' ' ind2=' ' tag='079'><subfield code='a'>ocm01550136</subfield></datafield><datafield ind1=' ' ind2=' ' tag='090'><subfield code='a'>DS135.C5W5 1966</subfield></datafield><datafield ind1='1' ind2=' ' tag='100'><subfield code='a'>White, William Charles,</subfield><subfield code='d'>1873-1960.</subfield></datafield><datafield ind1='1' ind2='0' tag='245'><subfield code='a'>Chinese Jews;</subfield><subfield code='b'>a compilation of matters relating to the Jews of Kʻai-fêng Fu.</subfield></datafield><datafield ind1=' ' ind2=' ' tag='250'><subfield code='a'>2d ed.,</subfield><subfield code='b'>with an introd. by Cecil Roth.</subfield></datafield><datafield ind1=' ' ind2=' ' tag='260'><subfield code='a'>New York,</subfield><subfield code='b'>Paragon Book Reprint Corp.</subfield><subfield code='c'>[1966]</subfield></datafield><datafield ind1=' ' ind2=' ' tag='300'><subfield code='a'>1 v. (various pagings)</subfield><subfield code='b'>illus. (part col.) maps, plans.</subfield><subfield code='c'>25 cm.</subfield></datafield><datafield ind1=' ' ind2=' ' tag='504'><subfield code='a'>Includes bibliographies.</subfield></datafield><datafield ind1=' ' ind2='0' tag='650'><subfield code='a'>Jews</subfield><subfield code='z'>China</subfield><subfield code='z'>Kaifeng.</subfield></datafield><datafield ind1=' ' ind2=' ' tag='907'><subfield code='a'>.b16742977</subfield><subfield code='b'>p    </subfield><subfield code='c'>-</subfield></datafield><datafield ind1=' ' ind2=' ' tag='935'><subfield code='a'>00734648</subfield></datafield><datafield ind1=' ' ind2=' ' tag='945'><subfield code='l'>pstk </subfield><subfield code='g'>1</subfield></datafield><datafield ind1=' ' ind2=' ' tag='950'><subfield code='l'>P</subfield><subfield code='i'>09/08/94 N</subfield></datafield><datafield ind1=' ' ind2=' ' tag='955'><subfield code='l'>P</subfield><subfield code='c'>0</subfield><subfield code='r'>39074008125114</subfield><subfield code='i'>09/08/94 C</subfield></datafield><datafield ind1=' ' ind2=' ' tag='979'><subfield code='a'>ocm01550136</subfield></datafield><datafield ind1=' ' ind2=' ' tag='998'><subfield code='b'>1</subfield><subfield code='c'>990101</subfield><subfield code='d'>m</subfield><subfield code='e'>a</subfield><subfield code='f'>-</subfield><subfield code='g'>0</subfield></datafield><datafield ind1=' ' ind2=' ' tag='998'><subfield code='a'>09/08/94</subfield><subfield code='t'>c</subfield><subfield code='s'>9110</subfield><subfield code='n'>PPT</subfield><subfield code='w'>NYPG85B44450</subfield><subfield code='d'>09/08/94</subfield><subfield code='c'>MH</subfield><subfield code='b'>MH</subfield><subfield code='i'>940908</subfield><subfield code='l'>PATG</subfield></datafield><datafield ind1=' ' ind2=' ' tag='ADM'><subfield code='b'>2018-03-16 01:40:49</subfield><subfield code='e'>b16742977-01tuli_inst</subfield><subfield code='d'>ILS</subfield><subfield code='a'>2017-06-20 07:47:01</subfield><subfield code='c'>false</subfield></datafield><datafield ind1='0' ind2=' ' tag='HLD'><subfield code='b'>MAIN</subfield><subfield code='c'>stacks</subfield><subfield code='h'>DS135.C5W5 1966</subfield><subfield code='8'>22272241250003811</subfield></datafield><datafield ind1=' ' ind2=' ' tag='ITM'><subfield code='r'>22272241250003811</subfield><subfield code='b'>1</subfield><subfield code='h'>0</subfield><subfield code='g'>stacks</subfield><subfield code='t'>BOOK</subfield><subfield code='9'>39074024625162</subfield><subfield code='e'>stacks</subfield><subfield code='8'>23272241240003811</subfield><subfield code='a'>0</subfield><subfield code='q'>2017-06-20 07:47:01</subfield><subfield code='i'>DS135.C5W5 1966</subfield><subfield code='d'>MAIN</subfield><subfield code='f'>MAIN</subfield></datafield></record>