
  <record xmlns='http://www.loc.gov/MARC21/slim'><leader>01182nam  2200313Ia 4500</leader><controlfield tag='001'>991036813411403811</controlfield><controlfield tag='005'>20170815163051.0</controlfield><controlfield tag='006'>m     o  d |      </controlfield><controlfield tag='007'>cr -n---------</controlfield><controlfield tag='008'>090106s2009    nyuab   ob    001 0 eng d</controlfield><datafield ind1=' ' ind2=' ' tag='010'><subfield code='z'>  2009000331</subfield></datafield><datafield ind1=' ' ind2=' ' tag='020'><subfield code='a'>0-231-51257-0</subfield></datafield><datafield ind1=' ' ind2=' ' tag='035'><subfield code='a'>(CKB)2550000000105147</subfield></datafield><datafield ind1=' ' ind2=' ' tag='035'><subfield code='a'>(EBL)908581</subfield></datafield><datafield ind1=' ' ind2=' ' tag='035'><subfield code='a'>(OCoLC)826476356</subfield></datafield><datafield ind1=' ' ind2=' ' tag='035'><subfield code='a'>(SSID)ssj0000721014</subfield></datafield><datafield ind1=' ' ind2=' ' tag='035'><subfield code='a'>(PQKBManifestationID)12308540</subfield></datafield><datafield ind1=' ' ind2=' ' tag='035'><subfield code='a'>(PQKBTitleCode)TC0000721014</subfield></datafield><datafield ind1=' ' ind2=' ' tag='035'><subfield code='a'>(PQKBWorkID)10686638</subfield></datafield><datafield ind1=' ' ind2=' ' tag='035'><subfield code='a'>(PQKB)10928432</subfield></datafield><datafield ind1=' ' ind2=' ' tag='035'><subfield code='a'>(MiAaPQ)EBC908581</subfield></datafield><datafield ind1=' ' ind2=' ' tag='035'><subfield code='a'>(EXLCZ)992550000000105147</subfield></datafield><datafield ind1=' ' ind2=' ' tag='040'><subfield code='a'>MiAaPQ</subfield><subfield code='c'>MiAaPQ</subfield><subfield code='d'>MiAaPQ</subfield></datafield><datafield ind1=' ' ind2=' ' tag='041'><subfield code='a'>eng</subfield></datafield><datafield ind1=' ' ind2='4' tag='050'><subfield code='a'>F805.J4</subfield><subfield code='b'>K86 2009</subfield></datafield><datafield ind1='0' ind2='0' tag='082'><subfield code='a'>305.892/40789</subfield><subfield code='a'>305.8924</subfield></datafield><datafield ind1='1' ind2=' ' tag='100'><subfield code='a'>Kunin, Seth Daniel.</subfield></datafield><datafield ind1='1' ind2='0' tag='245'><subfield code='a'>Juggling identities</subfield><subfield code='h'>[electronic resource] :</subfield><subfield code='b'>identity and authenticity among the Crypto-Jews /</subfield><subfield code='c'>Seth D. Kunin.</subfield></datafield><datafield ind1=' ' ind2=' ' tag='260'><subfield code='a'>New York :</subfield><subfield code='b'>Columbia University Press,</subfield><subfield code='c'>c2009.</subfield></datafield><datafield ind1=' ' ind2=' ' tag='300'><subfield code='a'>1 online resource (289 p.)</subfield></datafield><datafield ind1=' ' ind2=' ' tag='336'><subfield code='a'>text</subfield><subfield code='b'>txt</subfield></datafield><datafield ind1=' ' ind2=' ' tag='337'><subfield code='a'>computer</subfield><subfield code='b'>c</subfield></datafield><datafield ind1=' ' ind2=' ' tag='338'><subfield code='a'>online resource</subfield><subfield code='b'>cr</subfield></datafield><datafield ind1=' ' ind2=' ' tag='500'><subfield code='a'>Description based upon print version of record.</subfield></datafield><datafield ind1='0' ind2=' ' tag='505'><subfield code='a'>[ Contents ]; Acknowledgments; Introduction; ONE: Diversity and Complexity; TWO: The Case Against the Authenticity of Crypto- Judaism in New Mexico; THREE: The Case for the Authenticity of Crypto- Judaism in New Mexico; FOUR: Ideal Types of Crypto- Jewish Identity; FIVE: Crypto- Jewish Practice (Memory and Bricolage); SIX: A Postmodern Take on Crypto- Judaism; Conclusion; Theoretical Appendix: (Neo)- Structuralisma basis for understanding the transformative use of structure in crypto- jewish culture; Notes; Bibliography; Index</subfield></datafield><datafield ind1=' ' ind2=' ' tag='520'><subfield code='a'> Juggling Identities is an extensive ethnography of the crypto-Jews who live deep within the Hispanic communities of the American Southwest. Critiquing scholars who challenge the cultural authenticity of these individuals, Seth D. Kunin builds a solid link between the crypto-Jews of New Mexico and their Spanish ancestors who secretly maintained their Jewish identity after converting to Catholicism, offering the strongest evidence yet of their ethnic and religious origins. Kunin adopts a unique approach to the lives of modern crypto-Jews, concentrating primarily on their un</subfield></datafield><datafield ind1=' ' ind2=' ' tag='546'><subfield code='a'>English</subfield></datafield><datafield ind1=' ' ind2=' ' tag='504'><subfield code='a'>Includes bibliographical references and index.</subfield></datafield><datafield ind1=' ' ind2='0' tag='650'><subfield code='a'>Crypto-Jews</subfield><subfield code='z'>New Mexico</subfield><subfield code='x'>History.</subfield></datafield><datafield ind1=' ' ind2='0' tag='650'><subfield code='a'>Jews</subfield><subfield code='z'>New Mexico</subfield><subfield code='x'>History.</subfield></datafield><datafield ind1=' ' ind2='0' tag='650'><subfield code='a'>Jews</subfield><subfield code='z'>New Mexico</subfield><subfield code='x'>Identity.</subfield></datafield><datafield ind1=' ' ind2='4' tag='655'><subfield code='a'>Electronic books.</subfield></datafield><datafield ind1=' ' ind2=' ' tag='776'><subfield code='z'>1-322-43729-7</subfield></datafield><datafield ind1=' ' ind2=' ' tag='776'><subfield code='z'>0-231-14218-8</subfield></datafield><datafield ind1=' ' ind2=' ' tag='906'><subfield code='a'>BOOK</subfield></datafield><datafield ind1=' ' ind2=' ' tag='ADM'><subfield code='b'>2018-01-23 21:13:19</subfield><subfield code='e'>2550000000105147</subfield><subfield code='d'>PQNKB</subfield><subfield code='f'>20160806230105.0</subfield><subfield code='a'>2012-08-26 07:06:03</subfield><subfield code='c'>false</subfield></datafield><datafield ind1=' ' ind2=' ' tag='PRT'><subfield code='a'>53408760470003811</subfield><subfield code='b'>https://sandbox01-na.alma.exlibrisgroup.com/view/uresolver/01TULI_INST/openurl?u.ignore_date_coverage=true&amp;rft.mms_id=991036813411403811</subfield><subfield code='e'>JSTOR</subfield><subfield code='9'>Available</subfield><subfield code='c'>JSTOR Books EBA Pilot</subfield><subfield code='h'>613810000000000259</subfield><subfield code='8'>53408760470003811</subfield></datafield><datafield ind1=' ' ind2=' ' tag='PRT'><subfield code='a'>53392530420003811</subfield><subfield code='b'>https://sandbox01-na.alma.exlibrisgroup.com/view/uresolver/01TULI_INST/openurl?u.ignore_date_coverage=true&amp;rft.mms_id=991036813411403811</subfield><subfield code='e'>EBSCOhost</subfield><subfield code='9'>Available</subfield><subfield code='c'>EBSCOhost Academic eBook Collection (North America)</subfield><subfield code='h'>613640000000000029</subfield><subfield code='8'>53392530420003811</subfield></datafield></record>