
  <record xmlns='http://www.loc.gov/MARC21/slim'><leader>01189nam a22003971  4500</leader><controlfield tag='005'>20170825190712.0</controlfield><controlfield tag='008'>941010s1958    ilu      b    00000 eng  </controlfield><controlfield tag='001'>991020150469703811</controlfield><datafield ind1=' ' ind2=' ' tag='010'><subfield code='a'>57009318</subfield></datafield><datafield ind1=' ' ind2=' ' tag='035'><subfield code='a'>(PPT)b14132126-01tuli_inst</subfield></datafield><datafield ind1=' ' ind2=' ' tag='035'><subfield code='a'>(CStRLIN)ocn471404942</subfield><subfield code='9'>ExL</subfield></datafield><datafield ind1=' ' ind2=' ' tag='035'><subfield code='a'>PATG94-B30760</subfield></datafield><datafield ind1=' ' ind2=' ' tag='035'><subfield code='a'>ocm00964627</subfield></datafield><datafield ind1=' ' ind2=' ' tag='035'><subfield code='a'>(OCLC)ocm00964627</subfield></datafield><datafield ind1=' ' ind2=' ' tag='040'><subfield code='d'>NjR</subfield><subfield code='d'>PPT</subfield></datafield><datafield ind1=' ' ind2=' ' tag='043'><subfield code='a'>n-us---</subfield></datafield><datafield ind1=' ' ind2=' ' tag='079'><subfield code='a'>ocm00964627</subfield></datafield><datafield ind1=' ' ind2=' ' tag='090'><subfield code='a'>E184.J5S55</subfield></datafield><datafield ind1='1' ind2=' ' tag='100'><subfield code='a'>Sklare, Marshall,</subfield><subfield code='d'>1921-</subfield></datafield><datafield ind1='1' ind2='4' tag='245'><subfield code='a'>The Jews;</subfield><subfield code='b'>social patterns of an American group.</subfield></datafield><datafield ind1=' ' ind2=' ' tag='260'><subfield code='a'>Glencoe, Ill.,</subfield><subfield code='b'>Free Press</subfield><subfield code='c'>[1958]</subfield></datafield><datafield ind1=' ' ind2=' ' tag='300'><subfield code='a'>xi, 669 p.</subfield><subfield code='c'>24 cm.</subfield></datafield><datafield ind1=' ' ind2=' ' tag='504'><subfield code='a'>Includes bibliography.</subfield></datafield><datafield ind1=' ' ind2='0' tag='650'><subfield code='a'>Jews</subfield><subfield code='z'>United States</subfield><subfield code='x'>Social conditions.</subfield></datafield><datafield ind1=' ' ind2='0' tag='650'><subfield code='a'>Judaism</subfield><subfield code='z'>United States.</subfield></datafield><datafield ind1=' ' ind2='0' tag='650'><subfield code='a'>Jews</subfield><subfield code='x'>Identity.</subfield></datafield><datafield ind1=' ' ind2='0' tag='651'><subfield code='a'>United States</subfield><subfield code='x'>Social conditions</subfield><subfield code='y'>20th century.</subfield></datafield><datafield ind1=' ' ind2=' ' tag='902'><subfield code='a'>091202</subfield></datafield><datafield ind1=' ' ind2=' ' tag='907'><subfield code='a'>.b14132126</subfield><subfield code='b'>p    </subfield><subfield code='c'>-</subfield></datafield><datafield ind1=' ' ind2=' ' tag='935'><subfield code='a'>00445233</subfield></datafield><datafield ind1=' ' ind2=' ' tag='945'><subfield code='l'>pstk </subfield><subfield code='g'>1</subfield></datafield><datafield ind1=' ' ind2=' ' tag='950'><subfield code='l'>P</subfield><subfield code='i'>10/10/94 N</subfield></datafield><datafield ind1=' ' ind2=' ' tag='955'><subfield code='l'>P</subfield><subfield code='c'>0</subfield><subfield code='i'>10/10/94 C</subfield></datafield><datafield ind1=' ' ind2=' ' tag='979'><subfield code='a'>ocm00964627</subfield></datafield><datafield ind1=' ' ind2=' ' tag='998'><subfield code='b'>1</subfield><subfield code='c'>990101</subfield><subfield code='d'>m</subfield><subfield code='e'>a</subfield><subfield code='f'>-</subfield><subfield code='g'>4</subfield></datafield><datafield ind1=' ' ind2=' ' tag='998'><subfield code='a'>10/10/94</subfield><subfield code='t'>c</subfield><subfield code='s'>9110</subfield><subfield code='n'>PPT</subfield><subfield code='w'>NJRG88B15118</subfield><subfield code='d'>10/10/94</subfield><subfield code='b'>SN</subfield><subfield code='i'>941010</subfield><subfield code='l'>PATG</subfield></datafield><datafield ind1=' ' ind2=' ' tag='ADM'><subfield code='b'>2017-08-25 23:07:12</subfield><subfield code='e'>b14132126-01tuli_inst</subfield><subfield code='d'>ILS</subfield><subfield code='a'>2017-06-20 06:35:35</subfield><subfield code='c'>false</subfield></datafield><datafield ind1='0' ind2=' ' tag='HLD'><subfield code='b'>MAIN</subfield><subfield code='c'>stacks</subfield><subfield code='h'>E184.J5S55</subfield><subfield code='8'>22250745930003811</subfield></datafield><datafield ind1=' ' ind2=' ' tag='ITM'><subfield code='r'>22250745930003811</subfield><subfield code='b'>1</subfield><subfield code='h'>0</subfield><subfield code='g'>stacks</subfield><subfield code='t'>BOOK</subfield><subfield code='9'>39074003365954</subfield><subfield code='e'>stacks</subfield><subfield code='8'>23250745920003811</subfield><subfield code='a'>0</subfield><subfield code='q'>2017-06-20 06:35:35</subfield><subfield code='i'>E184.J5S55</subfield><subfield code='d'>MAIN</subfield><subfield code='f'>MAIN</subfield></datafield></record>