
  <record xmlns='http://www.loc.gov/MARC21/slim'><leader>01199nam  2200325Ia 4500</leader><controlfield tag='001'>991036730452003811</controlfield><controlfield tag='005'>20170918181133.0</controlfield><controlfield tag='006'>m     o  d |      </controlfield><controlfield tag='007'>cr -n---------</controlfield><controlfield tag='008'>010822s2002    mnua    ob    001 0 eng d</controlfield><datafield ind1=' ' ind2=' ' tag='010'><subfield code='z'>  2001005185</subfield></datafield><datafield ind1=' ' ind2=' ' tag='020'><subfield code='a'>0-8166-9226-2</subfield></datafield><datafield ind1=' ' ind2=' ' tag='035'><subfield code='a'>(CKB)1000000000346875</subfield></datafield><datafield ind1=' ' ind2=' ' tag='035'><subfield code='a'>(EBL)310573</subfield></datafield><datafield ind1=' ' ind2=' ' tag='035'><subfield code='a'>(OCoLC)171126805</subfield></datafield><datafield ind1=' ' ind2=' ' tag='035'><subfield code='a'>(SSID)ssj0000282235</subfield></datafield><datafield ind1=' ' ind2=' ' tag='035'><subfield code='a'>(PQKBManifestationID)11244903</subfield></datafield><datafield ind1=' ' ind2=' ' tag='035'><subfield code='a'>(PQKBTitleCode)TC0000282235</subfield></datafield><datafield ind1=' ' ind2=' ' tag='035'><subfield code='a'>(PQKBWorkID)10316645</subfield></datafield><datafield ind1=' ' ind2=' ' tag='035'><subfield code='a'>(PQKB)10122618</subfield></datafield><datafield ind1=' ' ind2=' ' tag='035'><subfield code='a'>(MiAaPQ)EBC310573</subfield></datafield><datafield ind1=' ' ind2=' ' tag='035'><subfield code='a'>(EXLCZ)991000000000346875</subfield></datafield><datafield ind1=' ' ind2=' ' tag='040'><subfield code='a'>MiAaPQ</subfield><subfield code='c'>MiAaPQ</subfield><subfield code='d'>MiAaPQ</subfield></datafield><datafield ind1=' ' ind2=' ' tag='041'><subfield code='a'>eng</subfield></datafield><datafield ind1=' ' ind2='4' tag='050'><subfield code='a'>BF173</subfield><subfield code='b'>.R49 2002</subfield></datafield><datafield ind1='0' ind2='0' tag='082'><subfield code='a'>150.19/5/0943</subfield><subfield code='a'>150.1950943</subfield></datafield><datafield ind1='1' ind2=' ' tag='100'><subfield code='a'>Rickels, Laurence A.</subfield></datafield><datafield ind1='1' ind2='0' tag='245'><subfield code='a'>Crypto-fetishisim</subfield><subfield code='h'>[electronic resource] /</subfield><subfield code='c'>Laurence A. Rickels ; foreword by Benjamin Bennett.</subfield></datafield><datafield ind1=' ' ind2=' ' tag='260'><subfield code='a'>Minneapolis :</subfield><subfield code='b'>University of Minnesota Press,</subfield><subfield code='c'>c2002-</subfield></datafield><datafield ind1=' ' ind2=' ' tag='300'><subfield code='a'>1 online resource (358 p.)</subfield></datafield><datafield ind1=' ' ind2=' ' tag='336'><subfield code='a'>text</subfield><subfield code='b'>txt</subfield></datafield><datafield ind1=' ' ind2=' ' tag='337'><subfield code='a'>computer</subfield><subfield code='b'>c</subfield></datafield><datafield ind1=' ' ind2=' ' tag='338'><subfield code='a'>online resource</subfield><subfield code='b'>cr</subfield></datafield><datafield ind1='0' ind2=' ' tag='490'><subfield code='a'>Nazi psychoanalysis ;</subfield><subfield code='v'>2</subfield></datafield><datafield ind1=' ' ind2=' ' tag='500'><subfield code='a'>Description based upon print version of record.</subfield></datafield><datafield ind1='0' ind2=' ' tag='505'><subfield code='a'>Contents; Foreword; Achtung: A PREFACE TO NAZI PSYCHOANALYSIS; Part Too; Reopener; Taking Apart; Taking Part; Parting; References; Filmography; Index</subfield></datafield><datafield ind1=' ' ind2=' ' tag='520'><subfield code='a'>In volume II, Crypto-Fetishism, Rickels demonstrates the surprising degree to which the Nazi moral system parallels that of psychoanalysis, particularly in their common projection and protection of homosexuality.</subfield></datafield><datafield ind1=' ' ind2=' ' tag='546'><subfield code='a'>English</subfield></datafield><datafield ind1=' ' ind2=' ' tag='504'><subfield code='a'>Includes bibliographical references and index.</subfield></datafield><datafield ind1=' ' ind2=' ' tag='504'><subfield code='a'>Includes filmography.</subfield></datafield><datafield ind1=' ' ind2='0' tag='650'><subfield code='a'>Psychoanalysis</subfield><subfield code='x'>Political aspects</subfield><subfield code='z'>Germany</subfield><subfield code='x'>History.</subfield></datafield><datafield ind1=' ' ind2='0' tag='650'><subfield code='a'>Psychoanalysis</subfield><subfield code='z'>Germany</subfield><subfield code='x'>History.</subfield></datafield><datafield ind1=' ' ind2='4' tag='655'><subfield code='a'>Electronic books.</subfield></datafield><datafield ind1='1' ind2=' ' tag='700'><subfield code='a'>Bennett, Benjamin.</subfield></datafield><datafield ind1=' ' ind2=' ' tag='776'><subfield code='z'>0-8166-3699-0</subfield></datafield><datafield ind1=' ' ind2=' ' tag='776'><subfield code='z'>0-8166-3698-2</subfield></datafield><datafield ind1=' ' ind2='0' tag='830'><subfield code='a'>Nazi Psychoanalysis</subfield></datafield><datafield ind1=' ' ind2=' ' tag='906'><subfield code='a'>BOOK</subfield></datafield><datafield ind1=' ' ind2=' ' tag='PRT'><subfield code='a'>53420541210003811</subfield><subfield code='b'>https://sandbox01-na.alma.exlibrisgroup.com/view/uresolver/01TULI_INST/openurl?u.ignore_date_coverage=true&amp;rft.mms_id=991036730452003811</subfield><subfield code='e'>Ebook Central</subfield><subfield code='c'>Ebook Central Academic Complete</subfield><subfield code='h'>614200000000000002</subfield><subfield code='8'>53420541210003811</subfield></datafield><datafield ind1=' ' ind2=' ' tag='PRT'><subfield code='a'>53423960540003811</subfield><subfield code='b'>https://sandbox01-na.alma.exlibrisgroup.com/view/uresolver/01TULI_INST/openurl?u.ignore_date_coverage=true&amp;rft.mms_id=991036730452003811</subfield><subfield code='e'>Ebook Central</subfield><subfield code='c'>Ebook Central College Complete</subfield><subfield code='h'>614330000000000032</subfield><subfield code='8'>53423960540003811</subfield></datafield><datafield ind1=' ' ind2=' ' tag='PRT'><subfield code='a'>53408845850003811</subfield><subfield code='b'>https://sandbox01-na.alma.exlibrisgroup.com/view/uresolver/01TULI_INST/openurl?u.ignore_date_coverage=true&amp;rft.mms_id=991036730452003811</subfield><subfield code='e'>JSTOR</subfield><subfield code='c'>JSTOR Books EBA Pilot</subfield><subfield code='h'>613810000000000259</subfield><subfield code='8'>53408845850003811</subfield></datafield><datafield ind1=' ' ind2=' ' tag='PRT'><subfield code='a'>53424628330003811</subfield><subfield code='b'>https://sandbox01-na.alma.exlibrisgroup.com/view/uresolver/01TULI_INST/openurl?u.ignore_date_coverage=true&amp;rft.mms_id=991036730452003811</subfield><subfield code='e'>Ebook Central</subfield><subfield code='c'>Ebook Central University Press</subfield><subfield code='h'>614330000000000093</subfield><subfield code='8'>53424628330003811</subfield></datafield></record>