
  <record xmlns='http://www.loc.gov/MARC21/slim'><leader>01207nam a22003971  4500</leader><controlfield tag='008'>860611s1974    nju           00110 eng  </controlfield><controlfield tag='005'>20170825225320.0</controlfield><controlfield tag='001'>991017203379703811</controlfield><datafield ind1=' ' ind2=' ' tag='010'><subfield code='a'>74182868//r86</subfield></datafield><datafield ind1=' ' ind2=' ' tag='020'><subfield code='a'>0878550739</subfield></datafield><datafield ind1=' ' ind2=' ' tag='020'><subfield code='a'>0878555706 (pbk.)</subfield></datafield><datafield ind1=' ' ind2=' ' tag='035'><subfield code='a'>(PPT)b13502785-01tuli_inst</subfield></datafield><datafield ind1=' ' ind2=' ' tag='035'><subfield code='a'>ocn471328159</subfield><subfield code='9'>ExL</subfield></datafield><datafield ind1=' ' ind2=' ' tag='035'><subfield code='a'>PATG86-B16066</subfield></datafield><datafield ind1=' ' ind2=' ' tag='035'><subfield code='a'>ocm01039029</subfield></datafield><datafield ind1=' ' ind2=' ' tag='035'><subfield code='a'>(OCLC)ocm01039029</subfield></datafield><datafield ind1=' ' ind2=' ' tag='040'><subfield code='d'>CStRLIN</subfield><subfield code='d'>PPT</subfield></datafield><datafield ind1=' ' ind2=' ' tag='043'><subfield code='a'>n-us---</subfield></datafield><datafield ind1=' ' ind2=' ' tag='079'><subfield code='a'>ocm01039029</subfield></datafield><datafield ind1=' ' ind2=' ' tag='090'><subfield code='a'>E184.J5L57x</subfield></datafield><datafield ind1='1' ind2='0' tag='100'><subfield code='a'>Levine, Naomi B.,</subfield><subfield code='d'>1923-</subfield></datafield><datafield ind1='1' ind2='0' tag='245'><subfield code='a'>Poor Jews:</subfield><subfield code='b'>an American awakening,</subfield><subfield code='c'>edited by Naomi Levine and Martin Hochbaum.</subfield></datafield><datafield ind1=' ' ind2=' ' tag='260'><subfield code='a'>New Brunswick, New Jersey,</subfield><subfield code='b'>Transaction Books</subfield><subfield code='c'>[1974]</subfield></datafield><datafield ind1=' ' ind2=' ' tag='300'><subfield code='a'>206 p.</subfield><subfield code='c'>21 cm.</subfield></datafield><datafield ind1=' ' ind2=' ' tag='504'><subfield code='a'>Includes bibliographical references.</subfield></datafield><datafield ind1=' ' ind2='0' tag='650'><subfield code='a'>Jews</subfield><subfield code='z'>United States</subfield><subfield code='x'>Economic conditions.</subfield></datafield><datafield ind1=' ' ind2='0' tag='650'><subfield code='a'>Poor</subfield><subfield code='z'>United States.</subfield></datafield><datafield ind1='1' ind2='0' tag='700'><subfield code='a'>Hochbaum, Martin.</subfield></datafield><datafield ind1=' ' ind2=' ' tag='902'><subfield code='a'>091202</subfield></datafield><datafield ind1=' ' ind2=' ' tag='907'><subfield code='a'>.b13502785</subfield><subfield code='b'>p    </subfield><subfield code='c'>-</subfield></datafield><datafield ind1=' ' ind2=' ' tag='935'><subfield code='a'>00371794</subfield></datafield><datafield ind1=' ' ind2=' ' tag='945'><subfield code='l'>pstk </subfield><subfield code='g'>1</subfield></datafield><datafield ind1=' ' ind2=' ' tag='950'><subfield code='l'>SSA</subfield></datafield><datafield ind1=' ' ind2=' ' tag='979'><subfield code='a'>ocm01039029</subfield></datafield><datafield ind1=' ' ind2=' ' tag='998'><subfield code='b'>1</subfield><subfield code='c'>990101</subfield><subfield code='d'>m</subfield><subfield code='e'>a</subfield><subfield code='f'>-</subfield><subfield code='g'>0</subfield></datafield><datafield ind1=' ' ind2=' ' tag='998'><subfield code='a'>06/11/86</subfield><subfield code='t'>c</subfield><subfield code='s'>9110</subfield><subfield code='n'>PPT</subfield><subfield code='w'>NYPG804680874B</subfield><subfield code='d'>06/11/86</subfield><subfield code='b'>SN</subfield><subfield code='i'>860611</subfield><subfield code='l'>PATG</subfield></datafield><datafield ind1=' ' ind2=' ' tag='ADM'><subfield code='b'>2017-08-26 02:53:20</subfield><subfield code='e'>b13502785-01tuli_inst</subfield><subfield code='d'>ILS</subfield><subfield code='a'>2017-06-20 08:44:18</subfield><subfield code='c'>false</subfield></datafield><datafield ind1='0' ind2=' ' tag='HLD'><subfield code='b'>MAIN</subfield><subfield code='c'>stacks</subfield><subfield code='h'>E184.J5L57x</subfield><subfield code='8'>22285987430003811</subfield></datafield><datafield ind1=' ' ind2=' ' tag='ITM'><subfield code='r'>22285987430003811</subfield><subfield code='b'>1</subfield><subfield code='h'>0</subfield><subfield code='g'>stacks</subfield><subfield code='t'>BOOK</subfield><subfield code='9'>39074003877255</subfield><subfield code='e'>stacks</subfield><subfield code='8'>23285987420003811</subfield><subfield code='a'>0</subfield><subfield code='q'>2017-06-20 08:44:18</subfield><subfield code='i'>E184.J5L57x</subfield><subfield code='d'>MAIN</subfield><subfield code='f'>MAIN</subfield></datafield></record>