
  <record xmlns='http://www.loc.gov/MARC21/slim'><leader>01229nam a22004094a 4500</leader><controlfield tag='005'>20170825205712.0</controlfield><controlfield tag='008'>000818s2001    mau      b    001 0 eng  </controlfield><controlfield tag='001'>991026892109703811</controlfield><datafield ind1=' ' ind2=' ' tag='010'><subfield code='a'>00064597</subfield></datafield><datafield ind1=' ' ind2=' ' tag='020'><subfield code='a'>0262122383 (alk. paper)</subfield></datafield><datafield ind1=' ' ind2=' ' tag='035'><subfield code='a'>(PPT)b2469051x-01tuli_inst</subfield></datafield><datafield ind1=' ' ind2=' ' tag='035'><subfield code='a'>(CStRLIN)ocn487541361</subfield><subfield code='9'>ExL</subfield></datafield><datafield ind1=' ' ind2=' ' tag='035'><subfield code='a'>PPTb2469051x</subfield></datafield><datafield ind1=' ' ind2=' ' tag='035'><subfield code='a'>ocm46600183</subfield></datafield><datafield ind1=' ' ind2=' ' tag='035'><subfield code='a'>(OCLC)ocm46600183</subfield></datafield><datafield ind1=' ' ind2=' ' tag='040'><subfield code='a'>DLC</subfield><subfield code='c'>DLC</subfield><subfield code='d'>DLC</subfield></datafield><datafield ind1=' ' ind2=' ' tag='042'><subfield code='a'>pcc</subfield></datafield><datafield ind1=' ' ind2=' ' tag='079'><subfield code='a'>ocm46600183</subfield></datafield><datafield ind1=' ' ind2=' ' tag='090'><subfield code='a'>HM851</subfield><subfield code='b'>.C78 2001</subfield></datafield><datafield ind1='0' ind2='0' tag='245'><subfield code='a'>Crypto anarchy, cyberstates, and pirate utopias /</subfield><subfield code='c'>edited by Peter Ludlow.</subfield></datafield><datafield ind1=' ' ind2=' ' tag='260'><subfield code='a'>Cambridge, Mass. :</subfield><subfield code='b'>MIT Press,</subfield><subfield code='c'>c2001.</subfield></datafield><datafield ind1=' ' ind2=' ' tag='300'><subfield code='a'>xxii, 485 p. ;</subfield><subfield code='c'>24 cm.</subfield></datafield><datafield ind1=' ' ind2='0' tag='440'><subfield code='a'>Digital communication.</subfield></datafield><datafield ind1=' ' ind2=' ' tag='504'><subfield code='a'>Includes bibliographical references and indexes.</subfield></datafield><datafield ind1=' ' ind2='0' tag='650'><subfield code='a'>Cyberspace</subfield><subfield code='x'>Social aspects.</subfield></datafield><datafield ind1=' ' ind2='0' tag='650'><subfield code='a'>Cyberspace</subfield><subfield code='x'>Political aspects.</subfield></datafield><datafield ind1=' ' ind2='0' tag='650'><subfield code='a'>Internet</subfield><subfield code='x'>Social aspects.</subfield></datafield><datafield ind1=' ' ind2='0' tag='650'><subfield code='a'>Internet</subfield><subfield code='x'>Political aspects.</subfield></datafield><datafield ind1=' ' ind2='0' tag='650'><subfield code='a'>Anarchism.</subfield></datafield><datafield ind1=' ' ind2='0' tag='650'><subfield code='a'>State, The.</subfield></datafield><datafield ind1='1' ind2=' ' tag='700'><subfield code='a'>Ludlow, Peter.</subfield></datafield><datafield ind1=' ' ind2=' ' tag='902'><subfield code='a'>130611</subfield></datafield><datafield ind1=' ' ind2=' ' tag='907'><subfield code='a'>.b2469051x</subfield><subfield code='b'>p    </subfield><subfield code='c'>-</subfield></datafield><datafield ind1=' ' ind2=' ' tag='945'><subfield code='l'>pstk </subfield><subfield code='g'>1</subfield></datafield><datafield ind1=' ' ind2=' ' tag='979'><subfield code='a'>ocm46600183</subfield></datafield><datafield ind1=' ' ind2=' ' tag='998'><subfield code='b'>1</subfield><subfield code='c'>020724</subfield><subfield code='d'>m</subfield><subfield code='e'>a</subfield><subfield code='f'>-</subfield><subfield code='g'>0</subfield></datafield><datafield ind1=' ' ind2=' ' tag='998'><subfield code='a'>07/24/02</subfield><subfield code='s'>LC</subfield><subfield code='c'>YL</subfield></datafield><datafield ind1=' ' ind2=' ' tag='ADM'><subfield code='b'>2017-08-26 00:57:12</subfield><subfield code='e'>b2469051x-01tuli_inst</subfield><subfield code='d'>ILS</subfield><subfield code='a'>2017-06-20 08:09:38</subfield><subfield code='c'>false</subfield></datafield><datafield ind1='0' ind2=' ' tag='HLD'><subfield code='b'>MAIN</subfield><subfield code='c'>stacks</subfield><subfield code='h'>HM851</subfield><subfield code='i'>.C78 2001</subfield><subfield code='8'>22278329680003811</subfield></datafield><datafield ind1=' ' ind2=' ' tag='ITM'><subfield code='r'>22278329680003811</subfield><subfield code='b'>1</subfield><subfield code='h'>0</subfield><subfield code='g'>stacks</subfield><subfield code='t'>BOOK</subfield><subfield code='9'>39074015264930</subfield><subfield code='e'>stacks</subfield><subfield code='8'>23278329670003811</subfield><subfield code='a'>0</subfield><subfield code='q'>2017-06-20 08:09:38</subfield><subfield code='i'>HM851 .C78 2001</subfield><subfield code='d'>MAIN</subfield><subfield code='f'>MAIN</subfield></datafield></record>