
  <record xmlns='http://www.loc.gov/MARC21/slim'><leader>01243cam a2200373Ia 4500</leader><controlfield tag='005'>20170826004140.0</controlfield><controlfield tag='008'>110214s2013    maua     b    001 0 eng d</controlfield><controlfield tag='001'>991036431879703811</controlfield><datafield ind1=' ' ind2=' ' tag='020'><subfield code='a'>9781934843864 (hbk.)</subfield></datafield><datafield ind1=' ' ind2=' ' tag='020'><subfield code='a'>1934843865 (hbk.)</subfield></datafield><datafield ind1=' ' ind2=' ' tag='035'><subfield code='a'>(PPT)b55007338-01tuli_inst</subfield></datafield><datafield ind1=' ' ind2=' ' tag='035'><subfield code='a'>(OCoLC)ocn862501207</subfield><subfield code='9'>ExL</subfield></datafield><datafield ind1=' ' ind2=' ' tag='035'><subfield code='a'>(OCoLC)751535659</subfield><subfield code='z'>(OCoLC)681496611</subfield></datafield><datafield ind1=' ' ind2=' ' tag='035'><subfield code='a'>ocn751535659</subfield></datafield><datafield ind1=' ' ind2=' ' tag='035'><subfield code='a'>(OCLC)ocn751535659</subfield></datafield><datafield ind1=' ' ind2=' ' tag='040'><subfield code='a'>UKMGB</subfield><subfield code='b'>eng</subfield><subfield code='c'>UKMGB</subfield><subfield code='d'>BTCTA</subfield><subfield code='d'>YDXCP</subfield><subfield code='d'>OCLCO</subfield><subfield code='d'>CUS</subfield></datafield><datafield ind1=' ' ind2=' ' tag='043'><subfield code='a'>n-cn---</subfield></datafield><datafield ind1=' ' ind2=' ' tag='079'><subfield code='a'>ocn751535659</subfield></datafield><datafield ind1=' ' ind2=' ' tag='090'><subfield code='a'>F1035.J5</subfield><subfield code='b'>C36 2013</subfield></datafield><datafield ind1='0' ind2='0' tag='245'><subfield code='a'>Canada&apos;s Jews :</subfield><subfield code='b'>in time, space and spirit /</subfield><subfield code='c'>edited by Ira Robinson.</subfield></datafield><datafield ind1=' ' ind2=' ' tag='250'><subfield code='a'>1st ed.</subfield></datafield><datafield ind1=' ' ind2=' ' tag='260'><subfield code='a'>Brighton, MA :</subfield><subfield code='b'>Academic Studies ;</subfield><subfield code='a'>Lancaster :</subfield><subfield code='b'>Gazelle [distributor],</subfield><subfield code='c'>2013.</subfield></datafield><datafield ind1=' ' ind2=' ' tag='300'><subfield code='a'>501 p. :</subfield><subfield code='b'>ill. ;</subfield><subfield code='c'>23 cm.</subfield></datafield><datafield ind1=' ' ind2=' ' tag='504'><subfield code='a'>Includes bibliographical references and index.</subfield></datafield><datafield ind1=' ' ind2='0' tag='650'><subfield code='a'>Jews</subfield><subfield code='z'>Canada</subfield><subfield code='x'>History.</subfield></datafield><datafield ind1=' ' ind2='0' tag='650'><subfield code='a'>Jews</subfield><subfield code='z'>Canada</subfield><subfield code='x'>Identity.</subfield></datafield><datafield ind1=' ' ind2='0' tag='650'><subfield code='a'>Jews</subfield><subfield code='z'>Canada</subfield><subfield code='x'>Intellectual life.</subfield></datafield><datafield ind1='1' ind2=' ' tag='700'><subfield code='a'>Robinson, Ira,</subfield><subfield code='d'>1951-</subfield><subfield code='e'>editor of compilation.</subfield></datafield><datafield ind1=' ' ind2=' ' tag='902'><subfield code='a'>150303</subfield></datafield><datafield ind1=' ' ind2=' ' tag='907'><subfield code='a'>.b55007338</subfield><subfield code='b'>p    </subfield><subfield code='c'>-</subfield></datafield><datafield ind1=' ' ind2=' ' tag='945'><subfield code='l'>pstk </subfield><subfield code='g'>1</subfield></datafield><datafield ind1=' ' ind2=' ' tag='979'><subfield code='a'>ocn751535659</subfield></datafield><datafield ind1=' ' ind2=' ' tag='998'><subfield code='b'>1</subfield><subfield code='c'>131002</subfield><subfield code='d'>m</subfield><subfield code='e'>a</subfield><subfield code='f'>-</subfield><subfield code='g'>0</subfield></datafield><datafield ind1=' ' ind2=' ' tag='998'><subfield code='a'>10/02/13</subfield><subfield code='s'>OCLC</subfield><subfield code='c'>AT</subfield></datafield><datafield ind1=' ' ind2=' ' tag='ADM'><subfield code='b'>2017-08-26 04:41:40</subfield><subfield code='e'>b55007338-01tuli_inst</subfield><subfield code='d'>ILS</subfield><subfield code='a'>2017-06-20 07:11:41</subfield><subfield code='c'>false</subfield></datafield><datafield ind1='0' ind2=' ' tag='HLD'><subfield code='b'>MAIN</subfield><subfield code='c'>stacks</subfield><subfield code='h'>F1035.J5</subfield><subfield code='i'>C36 2013</subfield><subfield code='8'>22262426260003811</subfield></datafield><datafield ind1=' ' ind2=' ' tag='ITM'><subfield code='r'>22262426260003811</subfield><subfield code='b'>1</subfield><subfield code='h'>0</subfield><subfield code='g'>stacks</subfield><subfield code='t'>BOOK</subfield><subfield code='9'>39074026586560</subfield><subfield code='e'>stacks</subfield><subfield code='8'>23262426250003811</subfield><subfield code='a'>0</subfield><subfield code='q'>2017-06-20 07:11:41</subfield><subfield code='i'>F1035.J5 C36 2013</subfield><subfield code='d'>MAIN</subfield><subfield code='f'>MAIN</subfield></datafield></record>