
  <record xmlns='http://www.loc.gov/MARC21/slim'><leader>01257nam a2200397 a 4500</leader><controlfield tag='005'>20170825164636.0</controlfield><controlfield tag='008'>970424s1996    nyu           000 0 eng  </controlfield><controlfield tag='001'>991000408009703811</controlfield><datafield ind1=' ' ind2=' ' tag='010'><subfield code='a'>96147300</subfield></datafield><datafield ind1=' ' ind2=' ' tag='020'><subfield code='a'>0452275911 (pbk.)</subfield></datafield><datafield ind1=' ' ind2=' ' tag='035'><subfield code='a'>(PPT)b17752243-01tuli_inst</subfield></datafield><datafield ind1=' ' ind2=' ' tag='035'><subfield code='a'>(CStRLIN)ocn478625899</subfield><subfield code='9'>ExL</subfield></datafield><datafield ind1=' ' ind2=' ' tag='035'><subfield code='a'>PATG97-B12435</subfield></datafield><datafield ind1=' ' ind2=' ' tag='035'><subfield code='a'>ocm34839892</subfield></datafield><datafield ind1=' ' ind2=' ' tag='035'><subfield code='a'>(OCLC)ocm34839892</subfield></datafield><datafield ind1=' ' ind2=' ' tag='040'><subfield code='a'>DLC</subfield><subfield code='c'>DLC</subfield><subfield code='d'>PPT</subfield></datafield><datafield ind1=' ' ind2=' ' tag='043'><subfield code='a'>n-us---</subfield></datafield><datafield ind1=' ' ind2=' ' tag='079'><subfield code='a'>ocm34839892</subfield></datafield><datafield ind1=' ' ind2=' ' tag='090'><subfield code='a'>E185.615.L467 1996</subfield></datafield><datafield ind1='1' ind2=' ' tag='100'><subfield code='a'>Lerner, Michael,</subfield><subfield code='d'>1943-</subfield></datafield><datafield ind1='1' ind2='0' tag='245'><subfield code='a'>Jews &amp; Blacks :</subfield><subfield code='b'>a dialogue on race, religion, and culture in America /</subfield><subfield code='c'>Michael Lerner &amp; Cornel West.</subfield></datafield><datafield ind1='3' ind2=' ' tag='246'><subfield code='a'>Jews and Blacks</subfield></datafield><datafield ind1=' ' ind2=' ' tag='260'><subfield code='a'>New York :</subfield><subfield code='b'>Plume,</subfield><subfield code='c'>c1996.</subfield></datafield><datafield ind1=' ' ind2=' ' tag='300'><subfield code='a'>vi, 295 p. ;</subfield><subfield code='c'>24 cm.</subfield></datafield><datafield ind1=' ' ind2=' ' tag='500'><subfield code='a'>&quot;With a post-O.J., post-Million Man March epilogue.&quot;</subfield></datafield><datafield ind1=' ' ind2='0' tag='650'><subfield code='a'>African Americans</subfield><subfield code='x'>Relations with Jews.</subfield></datafield><datafield ind1='1' ind2=' ' tag='700'><subfield code='a'>West, Cornel.</subfield></datafield><datafield ind1=' ' ind2=' ' tag='902'><subfield code='a'>110512</subfield></datafield><datafield ind1=' ' ind2=' ' tag='907'><subfield code='a'>.b17752243</subfield><subfield code='b'>a    </subfield><subfield code='c'>-</subfield></datafield><datafield ind1=' ' ind2=' ' tag='935'><subfield code='a'>00843077</subfield></datafield><datafield ind1=' ' ind2=' ' tag='945'><subfield code='l'>astk </subfield><subfield code='g'>1</subfield></datafield><datafield ind1=' ' ind2=' ' tag='950'><subfield code='l'>AMB</subfield><subfield code='i'>04/24/97 N</subfield></datafield><datafield ind1=' ' ind2=' ' tag='955'><subfield code='l'>AMB</subfield><subfield code='c'>0</subfield><subfield code='r'>39074010641298</subfield><subfield code='i'>04/24/97 C</subfield></datafield><datafield ind1=' ' ind2=' ' tag='979'><subfield code='a'>ocm34839892</subfield></datafield><datafield ind1=' ' ind2=' ' tag='998'><subfield code='b'>1</subfield><subfield code='c'>990101</subfield><subfield code='d'>m</subfield><subfield code='e'>a</subfield><subfield code='f'>-</subfield><subfield code='g'>0</subfield></datafield><datafield ind1=' ' ind2=' ' tag='998'><subfield code='a'>04/24/97</subfield><subfield code='t'>c</subfield><subfield code='s'>9110</subfield><subfield code='l'>PATG</subfield><subfield code='n'>PPT</subfield><subfield code='w'>DCLC96147300B</subfield><subfield code='d'>04/24/97</subfield><subfield code='c'>MFK</subfield><subfield code='b'>MK</subfield></datafield><datafield ind1=' ' ind2=' ' tag='ADM'><subfield code='b'>2017-10-27 07:02:44</subfield><subfield code='e'>b17752243-01tuli_inst</subfield><subfield code='d'>ILS</subfield><subfield code='a'>2017-06-20 07:15:51</subfield><subfield code='c'>false</subfield></datafield><datafield ind1='0' ind2=' ' tag='HLD'><subfield code='b'>AMBLER</subfield><subfield code='c'>stacks</subfield><subfield code='h'>E185.615.L467 1996</subfield><subfield code='8'>22263665680003811</subfield></datafield><datafield ind1=' ' ind2=' ' tag='ITM'><subfield code='r'>22263665680003811</subfield><subfield code='b'>1</subfield><subfield code='h'>0</subfield><subfield code='g'>stacks</subfield><subfield code='t'>BOOK</subfield><subfield code='9'>39074010641298</subfield><subfield code='e'>stacks</subfield><subfield code='8'>23263665670003811</subfield><subfield code='a'>0</subfield><subfield code='q'>2017-06-20 07:15:51</subfield><subfield code='i'>E185.615.L467 1996</subfield><subfield code='d'>AMBLER</subfield><subfield code='f'>AMBLER</subfield></datafield></record>