
  <record xmlns='http://www.loc.gov/MARC21/slim'><leader>01269nam a22004210  4500</leader><controlfield tag='008'>841017s1984    mauao    b    00110 eng  </controlfield><controlfield tag='005'>20170825175512.0</controlfield><controlfield tag='001'>991014197239703811</controlfield><datafield ind1=' ' ind2=' ' tag='010'><subfield code='a'>83012647</subfield></datafield><datafield ind1=' ' ind2=' ' tag='020'><subfield code='a'>0395318327 :</subfield><subfield code='c'>$17.95</subfield></datafield><datafield ind1=' ' ind2=' ' tag='035'><subfield code='a'>(PPT)b12896913-01tuli_inst</subfield></datafield><datafield ind1=' ' ind2=' ' tag='035'><subfield code='a'>ocn471244870</subfield><subfield code='9'>ExL</subfield></datafield><datafield ind1=' ' ind2=' ' tag='035'><subfield code='a'>PATG84-B26945</subfield></datafield><datafield ind1=' ' ind2=' ' tag='035'><subfield code='a'>ocm09685666</subfield></datafield><datafield ind1=' ' ind2=' ' tag='035'><subfield code='a'>(OCLC)ocm09685666</subfield></datafield><datafield ind1=' ' ind2=' ' tag='040'><subfield code='d'>CStRLIN</subfield><subfield code='d'>CMen</subfield></datafield><datafield ind1=' ' ind2=' ' tag='043'><subfield code='a'>n-usp--</subfield></datafield><datafield ind1=' ' ind2=' ' tag='079'><subfield code='a'>ocm09685666</subfield></datafield><datafield ind1=' ' ind2=' ' tag='090'><subfield code='a'>F596.3.J5R63 1984</subfield></datafield><datafield ind1='1' ind2='0' tag='100'><subfield code='a'>Rochlin, Harriet,</subfield><subfield code='d'>1924-</subfield></datafield><datafield ind1='1' ind2='0' tag='245'><subfield code='a'>Pioneer Jews :</subfield><subfield code='b'>a new life in the Far West /</subfield><subfield code='c'>Harriet and Fred Rochlin.</subfield></datafield><datafield ind1=' ' ind2=' ' tag='250'><subfield code='a'>1st ed.</subfield></datafield><datafield ind1=' ' ind2=' ' tag='260'><subfield code='a'>Boston, Mass. :</subfield><subfield code='b'>Houghton Mifflin,</subfield><subfield code='c'>1984.</subfield></datafield><datafield ind1=' ' ind2=' ' tag='300'><subfield code='a'>[xii], 243 p. :</subfield><subfield code='b'>ill. ;</subfield><subfield code='c'>28 cm.</subfield></datafield><datafield ind1=' ' ind2=' ' tag='500'><subfield code='a'>Includes index.</subfield></datafield><datafield ind1=' ' ind2=' ' tag='504'><subfield code='a'>Bibliography: p. [230] - 236.</subfield></datafield><datafield ind1=' ' ind2='0' tag='650'><subfield code='a'>Jews</subfield><subfield code='z'>West (U.S.)</subfield><subfield code='x'>History.</subfield></datafield><datafield ind1=' ' ind2='0' tag='651'><subfield code='a'>West (U.S.)</subfield><subfield code='x'>Ethnic relations.</subfield></datafield><datafield ind1='1' ind2='0' tag='700'><subfield code='a'>Rochlin, Fred,</subfield><subfield code='d'>1923-</subfield></datafield><datafield ind1=' ' ind2=' ' tag='902'><subfield code='a'>091201</subfield></datafield><datafield ind1=' ' ind2=' ' tag='907'><subfield code='a'>.b12896913</subfield><subfield code='b'>k    </subfield><subfield code='c'>-</subfield></datafield><datafield ind1=' ' ind2=' ' tag='935'><subfield code='a'>00308262</subfield></datafield><datafield ind1=' ' ind2=' ' tag='945'><subfield code='l'>kstk </subfield><subfield code='g'>1</subfield></datafield><datafield ind1=' ' ind2=' ' tag='950'><subfield code='l'>P</subfield><subfield code='i'>10/17/84 C</subfield></datafield><datafield ind1=' ' ind2=' ' tag='955'><subfield code='l'>P</subfield><subfield code='i'>10/17/84 C</subfield></datafield><datafield ind1=' ' ind2=' ' tag='979'><subfield code='a'>ocm09685666</subfield></datafield><datafield ind1=' ' ind2=' ' tag='998'><subfield code='b'>1</subfield><subfield code='c'>990101</subfield><subfield code='d'>m</subfield><subfield code='e'>a</subfield><subfield code='f'>-</subfield><subfield code='g'>0</subfield></datafield><datafield ind1=' ' ind2=' ' tag='998'><subfield code='a'>10/17/84</subfield><subfield code='t'>c</subfield><subfield code='s'>9110</subfield><subfield code='n'>PPT</subfield><subfield code='w'>CABG84B9214</subfield><subfield code='d'>10/17/84</subfield><subfield code='b'>AJG</subfield><subfield code='i'>841017</subfield><subfield code='l'>PATG</subfield></datafield><datafield ind1=' ' ind2=' ' tag='ADM'><subfield code='b'>2017-08-25 21:55:12</subfield><subfield code='e'>b12896913-01tuli_inst</subfield><subfield code='d'>ILS</subfield><subfield code='a'>2017-06-20 06:28:39</subfield><subfield code='c'>false</subfield></datafield><datafield ind1='0' ind2=' ' tag='HLD'><subfield code='b'>KARDON</subfield><subfield code='c'>p_remote</subfield><subfield code='h'>F596.3.J5R63 1984</subfield><subfield code='8'>22248454750003811</subfield></datafield><datafield ind1=' ' ind2=' ' tag='ITM'><subfield code='r'>22248454750003811</subfield><subfield code='b'>1</subfield><subfield code='h'>0</subfield><subfield code='g'>p_remote</subfield><subfield code='t'>BOOK</subfield><subfield code='9'>39074002595536</subfield><subfield code='e'>p_remote</subfield><subfield code='8'>23248454720003811</subfield><subfield code='a'>0</subfield><subfield code='q'>2017-06-20 06:28:39</subfield><subfield code='i'>F596.3.J5R63 1984</subfield><subfield code='d'>KARDON</subfield><subfield code='f'>KARDON</subfield></datafield></record>