
  <record xmlns='http://www.loc.gov/MARC21/slim'><leader>01270nam a22004338  4500</leader><controlfield tag='008'>770317s1977    nyu      b    00010 eng  </controlfield><controlfield tag='005'>20170826031544.0</controlfield><controlfield tag='001'>991004814239703811</controlfield><datafield ind1=' ' ind2=' ' tag='010'><subfield code='a'>77004405</subfield></datafield><datafield ind1=' ' ind2=' ' tag='020'><subfield code='a'>0070674906 :</subfield><subfield code='c'>$5.95</subfield></datafield><datafield ind1=' ' ind2=' ' tag='035'><subfield code='a'>(PPT)b10999759-01tuli_inst</subfield></datafield><datafield ind1=' ' ind2=' ' tag='035'><subfield code='a'>ocn469464563</subfield><subfield code='9'>ExL</subfield></datafield><datafield ind1=' ' ind2=' ' tag='035'><subfield code='a'>PATG02874704B</subfield></datafield><datafield ind1=' ' ind2=' ' tag='035'><subfield code='a'>ocm02874704</subfield></datafield><datafield ind1=' ' ind2=' ' tag='035'><subfield code='a'>(OCLC)ocm02874704</subfield></datafield><datafield ind1=' ' ind2=' ' tag='040'><subfield code='a'>DLC</subfield><subfield code='c'>DLC</subfield><subfield code='d'>PPT</subfield></datafield><datafield ind1=' ' ind2=' ' tag='043'><subfield code='a'>e-pl---</subfield></datafield><datafield ind1=' ' ind2=' ' tag='079'><subfield code='a'>ocm02874704</subfield></datafield><datafield ind1=' ' ind2=' ' tag='090'><subfield code='a'>DS135.P6V47</subfield></datafield><datafield ind1='1' ind2='0' tag='100'><subfield code='a'>Vinecour, Earl.</subfield></datafield><datafield ind1='1' ind2='0' tag='245'><subfield code='a'>Polish Jews :</subfield><subfield code='b'>the final chapter /</subfield><subfield code='c'>text by Earl Vinecour ; photos. by Charles Fishman.</subfield></datafield><datafield ind1=' ' ind2=' ' tag='260'><subfield code='a'>New York :</subfield><subfield code='b'>McGraw-Hill,</subfield><subfield code='c'>c1977.</subfield></datafield><datafield ind1=' ' ind2=' ' tag='300'><subfield code='a'>121 p. :</subfield><subfield code='b'>ill. ;</subfield><subfield code='c'>26 cm.</subfield></datafield><datafield ind1='0' ind2=' ' tag='490'><subfield code='a'>McGraw-Hill paperbacks</subfield></datafield><datafield ind1=' ' ind2=' ' tag='504'><subfield code='a'>Bibliography: p. 121.</subfield></datafield><datafield ind1=' ' ind2='0' tag='650'><subfield code='a'>Jews</subfield><subfield code='z'>Poland</subfield><subfield code='x'>Intellectual life.</subfield></datafield><datafield ind1=' ' ind2='0' tag='650'><subfield code='a'>Jews</subfield><subfield code='z'>Poland</subfield><subfield code='x'>Pictorial works.</subfield></datafield><datafield ind1=' ' ind2='0' tag='651'><subfield code='a'>Poland</subfield><subfield code='x'>Intellectual life.</subfield></datafield><datafield ind1=' ' ind2='0' tag='651'><subfield code='a'>Poland</subfield><subfield code='v'>Pictorial works.</subfield></datafield><datafield ind1='1' ind2='0' tag='700'><subfield code='a'>Fishman, Charles.</subfield></datafield><datafield ind1=' ' ind2=' ' tag='902'><subfield code='a'>091125</subfield></datafield><datafield ind1=' ' ind2=' ' tag='907'><subfield code='a'>.b10999759</subfield><subfield code='b'>k    </subfield><subfield code='c'>-</subfield></datafield><datafield ind1=' ' ind2=' ' tag='935'><subfield code='a'>00106205</subfield></datafield><datafield ind1=' ' ind2=' ' tag='945'><subfield code='l'>kstk </subfield><subfield code='g'>1</subfield></datafield><datafield ind1=' ' ind2=' ' tag='950'><subfield code='l'>P</subfield><subfield code='x'>1</subfield><subfield code='i'>01/01/01 N</subfield></datafield><datafield ind1=' ' ind2=' ' tag='955'><subfield code='c'>-</subfield><subfield code='u'>a=1122252    jl7711</subfield></datafield><datafield ind1=' ' ind2=' ' tag='979'><subfield code='a'>ocm02874704</subfield></datafield><datafield ind1=' ' ind2=' ' tag='998'><subfield code='b'>1</subfield><subfield code='c'>990101</subfield><subfield code='d'>m</subfield><subfield code='e'>a</subfield><subfield code='f'>-</subfield><subfield code='g'>0</subfield></datafield><datafield ind1=' ' ind2=' ' tag='998'><subfield code='n'>PPT</subfield><subfield code='s'>9665</subfield></datafield><datafield ind1=' ' ind2=' ' tag='ADM'><subfield code='b'>2017-08-26 07:15:44</subfield><subfield code='e'>b10999759-01tuli_inst</subfield><subfield code='d'>ILS</subfield><subfield code='a'>2017-06-20 12:07:23</subfield><subfield code='c'>false</subfield></datafield><datafield ind1='0' ind2=' ' tag='HLD'><subfield code='b'>KARDON</subfield><subfield code='c'>p_remote</subfield><subfield code='h'>DS135.P6V47</subfield><subfield code='8'>22315958890003811</subfield></datafield><datafield ind1=' ' ind2=' ' tag='ITM'><subfield code='r'>22315958890003811</subfield><subfield code='b'>1</subfield><subfield code='h'>0</subfield><subfield code='g'>p_remote</subfield><subfield code='t'>BOOK</subfield><subfield code='9'>39074009470162</subfield><subfield code='e'>p_remote</subfield><subfield code='8'>23315958880003811</subfield><subfield code='a'>0</subfield><subfield code='q'>2017-06-20 12:07:23</subfield><subfield code='i'>DS135.P6V47</subfield><subfield code='d'>KARDON</subfield><subfield code='f'>KARDON</subfield></datafield></record>