
  <record xmlns='http://www.loc.gov/MARC21/slim'><leader>01284pam a2200385 a 4500</leader><controlfield tag='005'>20170825192025.0</controlfield><controlfield tag='008'>960508s1997    inua     b    000 0deng  </controlfield><controlfield tag='001'>991000549969703811</controlfield><datafield ind1=' ' ind2=' ' tag='010'><subfield code='a'>96022779</subfield></datafield><datafield ind1=' ' ind2=' ' tag='020'><subfield code='a'>0253332435 (cloth : alk. paper)</subfield></datafield><datafield ind1=' ' ind2=' ' tag='035'><subfield code='a'>(PPT)b17781632-01tuli_inst</subfield></datafield><datafield ind1=' ' ind2=' ' tag='035'><subfield code='a'>(DLC    )ocn478791814</subfield><subfield code='9'>ExL</subfield></datafield><datafield ind1=' ' ind2=' ' tag='035'><subfield code='a'>DLC   96022779</subfield></datafield><datafield ind1=' ' ind2=' ' tag='035'><subfield code='a'>ocm34767499</subfield></datafield><datafield ind1=' ' ind2=' ' tag='035'><subfield code='a'>(OCLC)ocm34767499</subfield></datafield><datafield ind1=' ' ind2=' ' tag='040'><subfield code='a'>DLC</subfield><subfield code='c'>DLC</subfield><subfield code='d'>OrLoB</subfield></datafield><datafield ind1=' ' ind2=' ' tag='043'><subfield code='a'>n-us-in</subfield></datafield><datafield ind1=' ' ind2=' ' tag='079'><subfield code='a'>ocm34767499</subfield></datafield><datafield ind1=' ' ind2=' ' tag='090'><subfield code='a'>F534.M9M53 1997</subfield></datafield><datafield ind1='0' ind2='0' tag='245'><subfield code='a'>Middletown Jews :</subfield><subfield code='b'>the tenuous survival of an American Jewish community /</subfield><subfield code='c'>edited by Dan Rottenberg ; with an introduction by Dwight W. Hoover.</subfield></datafield><datafield ind1=' ' ind2=' ' tag='260'><subfield code='a'>Bloomington, [Ind.] :</subfield><subfield code='b'>Indiana University Press,</subfield><subfield code='c'>c1997.</subfield></datafield><datafield ind1=' ' ind2=' ' tag='300'><subfield code='a'>xxxiv, 142 p. :</subfield><subfield code='b'>ill. ;</subfield><subfield code='c'>23 cm.</subfield></datafield><datafield ind1=' ' ind2=' ' tag='504'><subfield code='a'>Includes bibliographical references (p. [141]-142).</subfield></datafield><datafield ind1=' ' ind2='0' tag='650'><subfield code='a'>Jews</subfield><subfield code='z'>Indiana</subfield><subfield code='z'>Muncie</subfield><subfield code='x'>History.</subfield></datafield><datafield ind1=' ' ind2='0' tag='650'><subfield code='a'>Jews</subfield><subfield code='z'>Indiana</subfield><subfield code='z'>Muncie</subfield><subfield code='x'>Biography.</subfield></datafield><datafield ind1=' ' ind2='0' tag='650'><subfield code='a'>Oral history.</subfield></datafield><datafield ind1=' ' ind2='0' tag='651'><subfield code='a'>Muncie (Ind.)</subfield><subfield code='x'>Ethnic relations.</subfield></datafield><datafield ind1=' ' ind2='0' tag='651'><subfield code='a'>Muncie (Ind.)</subfield><subfield code='x'>Biography.</subfield></datafield><datafield ind1='1' ind2=' ' tag='700'><subfield code='a'>Rottenberg, Dan.</subfield></datafield><datafield ind1=' ' ind2=' ' tag='902'><subfield code='a'>100104</subfield></datafield><datafield ind1=' ' ind2=' ' tag='907'><subfield code='a'>.b17781632</subfield><subfield code='b'>p    </subfield><subfield code='c'>-</subfield></datafield><datafield ind1=' ' ind2=' ' tag='935'><subfield code='a'>00846318</subfield></datafield><datafield ind1=' ' ind2=' ' tag='945'><subfield code='l'>pstk </subfield><subfield code='g'>1</subfield></datafield><datafield ind1=' ' ind2=' ' tag='979'><subfield code='a'>ocm34767499</subfield></datafield><datafield ind1=' ' ind2=' ' tag='998'><subfield code='b'>1</subfield><subfield code='c'>990101</subfield><subfield code='d'>m</subfield><subfield code='e'>a</subfield><subfield code='f'>-</subfield><subfield code='g'>0</subfield></datafield><datafield ind1=' ' ind2=' ' tag='ADM'><subfield code='b'>2017-08-25 23:20:25</subfield><subfield code='e'>b17781632-01tuli_inst</subfield><subfield code='d'>ILS</subfield><subfield code='a'>2017-06-20 07:54:57</subfield><subfield code='c'>false</subfield></datafield><datafield ind1='0' ind2=' ' tag='HLD'><subfield code='b'>MAIN</subfield><subfield code='c'>stacks</subfield><subfield code='h'>F534.M9M53 1997</subfield><subfield code='8'>22274443410003811</subfield></datafield><datafield ind1=' ' ind2=' ' tag='ITM'><subfield code='r'>22274443410003811</subfield><subfield code='b'>1</subfield><subfield code='h'>0</subfield><subfield code='g'>stacks</subfield><subfield code='t'>BOOK</subfield><subfield code='9'>39074010731180</subfield><subfield code='e'>stacks</subfield><subfield code='8'>23274443380003811</subfield><subfield code='a'>0</subfield><subfield code='q'>2017-06-20 07:54:57</subfield><subfield code='i'>F534.M9M53 1997</subfield><subfield code='d'>MAIN</subfield><subfield code='f'>MAIN</subfield></datafield></record>