
  <record xmlns='http://www.loc.gov/MARC21/slim'><leader>01285nam  2200361Ia 4500</leader><controlfield tag='001'>991036745259503811</controlfield><controlfield tag='005'>20170821174630.0</controlfield><controlfield tag='006'>m     o  d |      </controlfield><controlfield tag='007'>cr -n---------</controlfield><controlfield tag='008'>920406s1993    nyu     ob   s000 0 eng d</controlfield><datafield ind1=' ' ind2=' ' tag='010'><subfield code='z'>   92013578 </subfield></datafield><datafield ind1=' ' ind2=' ' tag='020'><subfield code='a'>1-4384-2131-1</subfield></datafield><datafield ind1=' ' ind2=' ' tag='035'><subfield code='a'>(CKB)2670000000233872</subfield></datafield><datafield ind1=' ' ind2=' ' tag='035'><subfield code='a'>(EBL)3408204</subfield></datafield><datafield ind1=' ' ind2=' ' tag='035'><subfield code='a'>(SSID)ssj0000607494</subfield></datafield><datafield ind1=' ' ind2=' ' tag='035'><subfield code='a'>(PQKBManifestationID)11388264</subfield></datafield><datafield ind1=' ' ind2=' ' tag='035'><subfield code='a'>(PQKBTitleCode)TC0000607494</subfield></datafield><datafield ind1=' ' ind2=' ' tag='035'><subfield code='a'>(PQKBWorkID)10584782</subfield></datafield><datafield ind1=' ' ind2=' ' tag='035'><subfield code='a'>(PQKB)11361551</subfield></datafield><datafield ind1=' ' ind2=' ' tag='035'><subfield code='a'>(MiAaPQ)EBC3408204</subfield></datafield><datafield ind1=' ' ind2=' ' tag='035'><subfield code='a'>(EXLCZ)992670000000233872</subfield></datafield><datafield ind1=' ' ind2=' ' tag='040'><subfield code='a'>MiAaPQ</subfield><subfield code='c'>MiAaPQ</subfield><subfield code='d'>MiAaPQ</subfield></datafield><datafield ind1=' ' ind2=' ' tag='041'><subfield code='a'>eng</subfield></datafield><datafield ind1=' ' ind2='4' tag='050'><subfield code='a'>DS134</subfield><subfield code='b'>.N48 1993</subfield></datafield><datafield ind1='0' ind2='0' tag='082'><subfield code='a'>909/.04924</subfield></datafield><datafield ind1='1' ind2=' ' tag='100'><subfield code='a'>Stillman, Yedida K.</subfield></datafield><datafield ind1='0' ind2='0' tag='245'><subfield code='a'>New horizons in Sephardic studies</subfield><subfield code='h'>[electronic resource] /</subfield><subfield code='c'>edited by Yedida K. Stillman and George K. Zucker.</subfield></datafield><datafield ind1=' ' ind2=' ' tag='260'><subfield code='a'>Albany :</subfield><subfield code='b'>State University of New York Press,</subfield><subfield code='c'>c1993.</subfield></datafield><datafield ind1=' ' ind2=' ' tag='300'><subfield code='a'>1 online resource (323 p.)</subfield></datafield><datafield ind1=' ' ind2=' ' tag='336'><subfield code='a'>text</subfield><subfield code='b'>txt</subfield></datafield><datafield ind1=' ' ind2=' ' tag='337'><subfield code='a'>computer</subfield><subfield code='b'>c</subfield></datafield><datafield ind1=' ' ind2=' ' tag='338'><subfield code='a'>online resource</subfield><subfield code='b'>cr</subfield></datafield><datafield ind1=' ' ind2='0' tag='440'><subfield code='a'>SUNY series in anthropology and Judaic studies</subfield></datafield><datafield ind1='1' ind2=' ' tag='490'><subfield code='a'>SUNY Series in Anthropology and Judaic Studies</subfield></datafield><datafield ind1=' ' ind2=' ' tag='500'><subfield code='a'>Description based upon print version of record.</subfield></datafield><datafield ind1='0' ind2=' ' tag='505'><subfield code='a'>&quot;&quot;Front Matter&quot;&quot;; &quot;&quot;Half Title Page&quot;&quot;; &quot;&quot;Title Page&quot;&quot;; &quot;&quot;Copyright Page&quot;&quot;; &quot;&quot;Table of Contents&quot;&quot;; &quot;&quot;Preface&quot;&quot;; &quot;&quot;Content&quot;&quot;; &quot;&quot;PART ONE: History and Philosophy&quot;&quot;; &quot;&quot;Sephardic Settlement in Ferrara under the House of Este&quot;&quot;; &quot;&quot;The Universita Degli Hebrei and the Nationi of the Venice Ghetto (1516-1630): A Reconsideration of Some Presuppositions of Contemporary Jewish Historiography&quot;&quot;; &quot;&quot;On the Concept of Beauty in the Philosophy of Yehudah Abrabanel&quot;&quot;; &quot;&quot;The Conventionalization of Social Bonds and the Strategies of Jewish Society in the Thirteenth Century&quot;&quot;</subfield></datafield><datafield ind1='8' ind2=' ' tag='505'><subfield code='a'>&quot;&quot;The Jewish Quarter and the Moroccan City&quot;&quot;&quot;&quot;Literature as a Source for the History of Libyan Jewry During the Ottoman Period&quot;&quot;; &quot;&quot;A &quot;&quot;Maskil&quot;&quot; in Aleppo: &quot;&quot;The Torah of Israel and the People of Israel&quot;&quot; by Rabbi Yitzhak Dayyan (Aleppo, 5683/1923)&quot;&quot;; &quot;&quot;The Periodization of the History of the New Christians and Crypto, Jews in Spanish America&quot;&quot;; &quot;&quot;Cryptojews in Rio de la Plata in the Seventeenth Century&quot;&quot;; &quot;&quot;PART TWO: Language and Literature&quot;&quot;; &quot;&quot;Introduction&quot;&quot;; &quot;&quot;Camilo Castelo Branco and the Portuguese Inquisition&quot;&quot;; &quot;&quot;The Inquisition and the Jewin Lat in American Drama&quot;&quot;</subfield></datafield><datafield ind1='8' ind2=' ' tag='505'><subfield code='a'>&quot;&quot;The Inquisition and the Jew in Latin American Drama&quot;&quot;&quot;&quot;Anthroponyms in the Collection of Moroccan Sephardic Ballads&quot;&quot;; &quot;&quot;&quot;&quot;Plazeme de tus Enojos&quot;&quot;: Alfonso Alvarez de Villasandino against Alfonso Ferrandes Semuel&quot;&quot;; &quot;&quot;Maimonides, Al-Andalus and the Influence of the Spanish-Arabic Dialect on His Language&quot;&quot;; &quot;&quot;Uncovering the Origins of the Judeo-Ibero-Romance Languages&quot;&quot;; &quot;&quot;Problems of Transcribing Sephardic Texts into the Roman Alphabet&quot;&quot;; &quot;&quot;PART THREE: Ethnography and Folklore&quot;&quot;; &quot;&quot;Memories of Jewish Life&quot;&quot;; &quot;&quot;Misogyny or Philogyny: The Case of a Judeo, Spanish Folktale&quot;&quot;</subfield></datafield><datafield ind1='8' ind2=' ' tag='505'><subfield code='a'>&quot;&quot;Customs of Pregnancy and Childbirth among Sephardic and Oriental Jews&quot;&quot;&quot;&quot;A Conversation in Proverbs: Judeo-Spanish Refranes in Context&quot;&quot;; &quot;&quot;Expressive Modes in the Judeo-Spanish Wedding Song&quot;&quot;; &quot;&quot;The Music of the Songs: Musical Transcriptions and Commentary of the Songs Discussed by Oro Anahory-Librowicz in &quot;&quot;Expressive Modes in the Judeo-Spanish Wedding Song&quot;&quot;&quot;&quot;; &quot;&quot;Back Matter&quot;&quot;; &quot;&quot;Contributors&quot;&quot;</subfield></datafield><datafield ind1=' ' ind2=' ' tag='546'><subfield code='a'>English</subfield></datafield><datafield ind1=' ' ind2=' ' tag='504'><subfield code='a'>Includes bibliographical references.</subfield></datafield><datafield ind1=' ' ind2='0' tag='650'><subfield code='a'>Sephardim</subfield><subfield code='x'>History.</subfield></datafield><datafield ind1=' ' ind2='0' tag='650'><subfield code='a'>Jews</subfield><subfield code='x'>History.</subfield></datafield><datafield ind1=' ' ind2='0' tag='650'><subfield code='a'>Ladino philology.</subfield></datafield><datafield ind1=' ' ind2='0' tag='650'><subfield code='a'>Sephardim</subfield><subfield code='v'>Folklore.</subfield></datafield><datafield ind1=' ' ind2='0' tag='650'><subfield code='a'>Jews</subfield><subfield code='v'>Folklore.</subfield></datafield><datafield ind1=' ' ind2='4' tag='655'><subfield code='a'>Electronic books.</subfield></datafield><datafield ind1=' ' ind2=' ' tag='776'><subfield code='z'>0-7914-1401-9</subfield></datafield><datafield ind1='1' ind2=' ' tag='700'><subfield code='a'>Stillman, Yedida Kalfon,</subfield><subfield code='d'>1946-1998.</subfield></datafield><datafield ind1='1' ind2=' ' tag='700'><subfield code='a'>Zucker, George K.,</subfield><subfield code='d'>1939-</subfield></datafield><datafield ind1=' ' ind2='0' tag='830'><subfield code='a'>SUNY Series in Anthropology and Judaic Studies</subfield></datafield><datafield ind1=' ' ind2=' ' tag='906'><subfield code='a'>BOOK</subfield></datafield><datafield ind1=' ' ind2=' ' tag='PRT'><subfield code='a'>53406251130003811</subfield><subfield code='b'>https://sandbox01-na.alma.exlibrisgroup.com/view/uresolver/01TULI_INST/openurl?u.ignore_date_coverage=true&amp;rft.mms_id=991036745259503811</subfield><subfield code='e'>EBSCOhost</subfield><subfield code='c'>EBSCOhost eBook History Collection - North America</subfield><subfield code='h'>613790000000001582</subfield><subfield code='8'>53406251130003811</subfield></datafield><datafield ind1=' ' ind2=' ' tag='PRT'><subfield code='a'>53421491530003811</subfield><subfield code='b'>https://sandbox01-na.alma.exlibrisgroup.com/view/uresolver/01TULI_INST/openurl?u.ignore_date_coverage=true&amp;rft.mms_id=991036745259503811</subfield><subfield code='e'>Ebook Central</subfield><subfield code='c'>Ebook Central Academic Complete</subfield><subfield code='h'>614200000000000002</subfield><subfield code='8'>53421491530003811</subfield></datafield></record>