
  <record xmlns='http://www.loc.gov/MARC21/slim'><leader>01296cam a2200397 a 4500</leader><controlfield tag='005'>20170825231831.0</controlfield><controlfield tag='008'>030430s2003    vtu bf   b    001 0deng  </controlfield><controlfield tag='001'>991035582459703811</controlfield><datafield ind1=' ' ind2=' ' tag='010'><subfield code='a'>2003010132</subfield></datafield><datafield ind1=' ' ind2=' ' tag='020'><subfield code='a'>1584650605 (cloth : alk. paper)</subfield></datafield><datafield ind1=' ' ind2=' ' tag='035'><subfield code='a'>(PPT)b26724200-01tuli_inst</subfield></datafield><datafield ind1=' ' ind2=' ' tag='035'><subfield code='a'>(CStRLIN)ocn489512311</subfield><subfield code='9'>ExL</subfield></datafield><datafield ind1=' ' ind2=' ' tag='035'><subfield code='a'>PPTb26724200</subfield></datafield><datafield ind1=' ' ind2=' ' tag='035'><subfield code='a'>ocm52182538</subfield></datafield><datafield ind1=' ' ind2=' ' tag='035'><subfield code='a'>(OCLC)ocm52182538</subfield></datafield><datafield ind1=' ' ind2=' ' tag='040'><subfield code='a'>DLC</subfield><subfield code='c'>DLC</subfield><subfield code='d'>PPT</subfield></datafield><datafield ind1=' ' ind2=' ' tag='042'><subfield code='a'>pcc</subfield></datafield><datafield ind1=' ' ind2=' ' tag='043'><subfield code='a'>n-us-ca</subfield></datafield><datafield ind1=' ' ind2=' ' tag='079'><subfield code='a'>ocm52182538</subfield></datafield><datafield ind1=' ' ind2=' ' tag='090'><subfield code='a'>F870.J5</subfield><subfield code='b'>C36 2003</subfield></datafield><datafield ind1='0' ind2='0' tag='245'><subfield code='a'>California Jews /</subfield><subfield code='c'>Ava F. Kahn &amp; Marc Dollinger, editors.</subfield></datafield><datafield ind1=' ' ind2=' ' tag='260'><subfield code='a'>Hanover :</subfield><subfield code='b'>University Press of New England ,</subfield><subfield code='c'>c2003.</subfield></datafield><datafield ind1=' ' ind2=' ' tag='300'><subfield code='a'>xviii, 196 p., [16] p. of plates :</subfield><subfield code='b'>ill. (some col.), map ;</subfield><subfield code='c'>29 cm. </subfield></datafield><datafield ind1=' ' ind2='0' tag='440'><subfield code='a'>Brandeis series in American Jewish history, culture, and life.</subfield></datafield><datafield ind1=' ' ind2=' ' tag='504'><subfield code='a'>Includes bibliographical references and index.</subfield></datafield><datafield ind1=' ' ind2='0' tag='650'><subfield code='a'>Jews</subfield><subfield code='z'>California</subfield><subfield code='x'>History.</subfield></datafield><datafield ind1=' ' ind2='0' tag='651'><subfield code='a'>California</subfield><subfield code='x'>Ethnic relations.</subfield></datafield><datafield ind1='1' ind2=' ' tag='700'><subfield code='a'>Kahn, Ava Fran.</subfield></datafield><datafield ind1='1' ind2=' ' tag='700'><subfield code='a'>Dollinger, Marc,</subfield><subfield code='d'>1964-</subfield></datafield><datafield ind1=' ' ind2=' ' tag='902'><subfield code='a'>110512</subfield></datafield><datafield ind1=' ' ind2=' ' tag='907'><subfield code='a'>.b26724200</subfield><subfield code='b'>p    </subfield><subfield code='c'>-</subfield></datafield><datafield ind1=' ' ind2=' ' tag='945'><subfield code='l'>pstk </subfield><subfield code='g'>1</subfield></datafield><datafield ind1=' ' ind2=' ' tag='952'><subfield code='a'>DCLC2003010132B</subfield><subfield code='b'>Library of Congress</subfield></datafield><datafield ind1=' ' ind2=' ' tag='979'><subfield code='a'>ocm52182538</subfield></datafield><datafield ind1=' ' ind2=' ' tag='998'><subfield code='b'>1</subfield><subfield code='c'>031223</subfield><subfield code='d'>m</subfield><subfield code='e'>a</subfield><subfield code='f'>-</subfield><subfield code='g'>0</subfield></datafield><datafield ind1=' ' ind2=' ' tag='998'><subfield code='a'>12/23/03</subfield><subfield code='s'>CIP</subfield><subfield code='c'>AT</subfield></datafield><datafield ind1=' ' ind2=' ' tag='ADM'><subfield code='b'>2017-08-26 03:18:31</subfield><subfield code='e'>b26724200-01tuli_inst</subfield><subfield code='d'>ILS</subfield><subfield code='a'>2017-06-20 14:55:44</subfield><subfield code='c'>false</subfield></datafield><datafield ind1='0' ind2=' ' tag='HLD'><subfield code='b'>MAIN</subfield><subfield code='c'>stacks</subfield><subfield code='h'>F870.J5</subfield><subfield code='i'>C36 2003</subfield><subfield code='8'>22335004140003811</subfield></datafield><datafield ind1=' ' ind2=' ' tag='ITM'><subfield code='r'>22335004140003811</subfield><subfield code='b'>1</subfield><subfield code='h'>0</subfield><subfield code='g'>stacks</subfield><subfield code='t'>BOOK</subfield><subfield code='9'>39074016336075</subfield><subfield code='e'>stacks</subfield><subfield code='8'>23335004110003811</subfield><subfield code='a'>0</subfield><subfield code='q'>2017-06-20 14:55:44</subfield><subfield code='i'>F870.J5 C36 2003</subfield><subfield code='d'>MAIN</subfield><subfield code='f'>MAIN</subfield></datafield></record>