
  <record xmlns='http://www.loc.gov/MARC21/slim'><leader>01299cam a2200361 a 4500</leader><controlfield tag='005'>20170826003815.0</controlfield><controlfield tag='008'>040820s2004    gw a     b    101 0 eng c</controlfield><controlfield tag='001'>991002278019703811</controlfield><datafield ind1=' ' ind2=' ' tag='020'><subfield code='a'>3540226680</subfield></datafield><datafield ind1=' ' ind2=' ' tag='035'><subfield code='a'>(PPT)b27552792-01tuli_inst</subfield></datafield><datafield ind1=' ' ind2=' ' tag='035'><subfield code='a'>(CStRLIN)ocn490418640</subfield><subfield code='9'>ExL</subfield></datafield><datafield ind1=' ' ind2=' ' tag='035'><subfield code='a'>PPTb27552792</subfield></datafield><datafield ind1=' ' ind2=' ' tag='035'><subfield code='a'>ocm56333950</subfield></datafield><datafield ind1=' ' ind2=' ' tag='035'><subfield code='a'>(OCLC)ocm56333950</subfield></datafield><datafield ind1=' ' ind2=' ' tag='040'><subfield code='a'>OHX</subfield><subfield code='c'>OHX</subfield><subfield code='d'>CGU</subfield><subfield code='d'>PPT</subfield></datafield><datafield ind1=' ' ind2=' ' tag='042'><subfield code='a'>pcc</subfield></datafield><datafield ind1=' ' ind2=' ' tag='079'><subfield code='a'>ocm56333950</subfield></datafield><datafield ind1=' ' ind2=' ' tag='090'><subfield code='a'>QA76</subfield><subfield code='b'>.L43x v.3152</subfield></datafield><datafield ind1='2' ind2=' ' tag='111'><subfield code='a'>CRYPTO (Conference)</subfield><subfield code='d'>(2004 :</subfield><subfield code='c'>University of Santa Barbara)</subfield></datafield><datafield ind1='1' ind2='0' tag='245'><subfield code='a'>Advances in cryptology, CRYPTO 2004 :</subfield><subfield code='b'>24th Annual International Cryptology Conference, Santa Barbara, California, USA, August 15-19, 2004 : proceedings /</subfield><subfield code='c'>Matt Franklin (ed.).</subfield></datafield><datafield ind1=' ' ind2=' ' tag='260'><subfield code='a'>Berlin ;</subfield><subfield code='a'>New York :</subfield><subfield code='b'>Springer,</subfield><subfield code='c'>c2004.</subfield></datafield><datafield ind1=' ' ind2=' ' tag='300'><subfield code='a'>xi, 578 p. :</subfield><subfield code='b'>ill. ;</subfield><subfield code='c'>24 cm.</subfield></datafield><datafield ind1=' ' ind2='0' tag='440'><subfield code='a'>Lecture notes in computer science ;</subfield><subfield code='v'>3152.</subfield></datafield><datafield ind1=' ' ind2=' ' tag='504'><subfield code='a'>Includes bibliographical references and index.</subfield></datafield><datafield ind1=' ' ind2='0' tag='650'><subfield code='a'>Computers</subfield><subfield code='x'>Access control</subfield><subfield code='v'>Congresses.</subfield></datafield><datafield ind1=' ' ind2='0' tag='650'><subfield code='a'>Cryptography</subfield><subfield code='x'>Computer networks</subfield><subfield code='x'>Security</subfield><subfield code='v'>Congresses.</subfield></datafield><datafield ind1='1' ind2=' ' tag='700'><subfield code='a'>Franklin, Matthew.</subfield></datafield><datafield ind1=' ' ind2=' ' tag='902'><subfield code='a'>100126</subfield></datafield><datafield ind1=' ' ind2=' ' tag='907'><subfield code='a'>.b27552792</subfield><subfield code='b'>p    </subfield><subfield code='c'>-</subfield></datafield><datafield ind1=' ' ind2=' ' tag='945'><subfield code='l'>pstk </subfield><subfield code='g'>1</subfield></datafield><datafield ind1=' ' ind2=' ' tag='979'><subfield code='a'>ocm56333950</subfield></datafield><datafield ind1=' ' ind2=' ' tag='998'><subfield code='b'>0</subfield><subfield code='c'>040929</subfield><subfield code='d'>m</subfield><subfield code='e'>a</subfield><subfield code='f'>-</subfield><subfield code='g'>0</subfield></datafield><datafield ind1=' ' ind2=' ' tag='998'><subfield code='a'>09/29/04</subfield><subfield code='s'>RLIN</subfield><subfield code='c'>MH</subfield></datafield><datafield ind1=' ' ind2=' ' tag='ADM'><subfield code='b'>2018-03-02 08:35:25</subfield><subfield code='e'>b27552792-01tuli_inst</subfield><subfield code='d'>ILS</subfield><subfield code='a'>2017-06-20 06:53:31</subfield><subfield code='c'>false</subfield></datafield><datafield ind1='0' ind2=' ' tag='HLD'><subfield code='b'>MAIN</subfield><subfield code='c'>stacks</subfield><subfield code='h'>QA76</subfield><subfield code='i'>.L43x v.3152</subfield><subfield code='8'>22256643270003811</subfield></datafield><datafield ind1=' ' ind2=' ' tag='ITM'><subfield code='r'>22256643270003811</subfield><subfield code='b'>1</subfield><subfield code='h'>0</subfield><subfield code='g'>stacks</subfield><subfield code='t'>BOOK</subfield><subfield code='9'>39074016777252</subfield><subfield code='e'>stacks</subfield><subfield code='8'>23256643260003811</subfield><subfield code='a'>0</subfield><subfield code='q'>2017-06-20 06:53:31</subfield><subfield code='i'>QA76 .L43x v.3152</subfield><subfield code='d'>MAIN</subfield><subfield code='f'>MAIN</subfield></datafield></record>