
  <record xmlns='http://www.loc.gov/MARC21/slim'><leader>01322pam a22004210  4500</leader><controlfield tag='008'>761023r1977    ctua     b    00010 eng  </controlfield><controlfield tag='005'>20170825183640.0</controlfield><controlfield tag='001'>991004523219703811</controlfield><datafield ind1=' ' ind2=' ' tag='010'><subfield code='a'>76049945</subfield></datafield><datafield ind1=' ' ind2=' ' tag='020'><subfield code='a'>0837194040</subfield></datafield><datafield ind1=' ' ind2=' ' tag='035'><subfield code='a'>(PPT)b10941629-01tuli_inst</subfield></datafield><datafield ind1=' ' ind2=' ' tag='035'><subfield code='a'>ocn469439499</subfield><subfield code='9'>ExL</subfield></datafield><datafield ind1=' ' ind2=' ' tag='035'><subfield code='a'>PATG02598472B</subfield></datafield><datafield ind1=' ' ind2=' ' tag='035'><subfield code='a'>ocm02598472</subfield></datafield><datafield ind1=' ' ind2=' ' tag='035'><subfield code='a'>(OCLC)ocm02598472</subfield></datafield><datafield ind1=' ' ind2=' ' tag='040'><subfield code='a'>DLC</subfield><subfield code='c'>DLC</subfield><subfield code='d'>PPT</subfield></datafield><datafield ind1=' ' ind2=' ' tag='043'><subfield code='a'>n-us---</subfield></datafield><datafield ind1=' ' ind2=' ' tag='079'><subfield code='a'>ocm02598472</subfield></datafield><datafield ind1=' ' ind2=' ' tag='090'><subfield code='a'>E184.J5S55 1977</subfield></datafield><datafield ind1='1' ind2='0' tag='100'><subfield code='a'>Sklare, Marshall,</subfield><subfield code='d'>1921-</subfield></datafield><datafield ind1='1' ind2='4' tag='245'><subfield code='a'>The Jews :</subfield><subfield code='b'>social patterns of an American group /</subfield><subfield code='c'>edited by Marshall Sklare.</subfield></datafield><datafield ind1=' ' ind2=' ' tag='260'><subfield code='a'>Westport, Conn. :</subfield><subfield code='b'>Greenwood Press,</subfield><subfield code='c'>[1977] c1958.</subfield></datafield><datafield ind1=' ' ind2=' ' tag='300'><subfield code='a'>xi, 669 p. ;</subfield><subfield code='b'>ill. ;</subfield><subfield code='c'>24 cm.</subfield></datafield><datafield ind1=' ' ind2=' ' tag='500'><subfield code='a'>Reprint of the ed. published by the Free Press, Glencoe, Ill.</subfield></datafield><datafield ind1=' ' ind2=' ' tag='504'><subfield code='a'>Includes bibliographical references.</subfield></datafield><datafield ind1=' ' ind2='0' tag='650'><subfield code='a'>Jews</subfield><subfield code='x'>Identity.</subfield></datafield><datafield ind1=' ' ind2='0' tag='650'><subfield code='a'>Jews</subfield><subfield code='z'>United States</subfield><subfield code='x'>Social conditions.</subfield></datafield><datafield ind1=' ' ind2='0' tag='650'><subfield code='a'>Judaism</subfield><subfield code='z'>United States.</subfield></datafield><datafield ind1=' ' ind2='0' tag='651'><subfield code='a'>United States</subfield><subfield code='x'>Social conditions</subfield><subfield code='y'>20th century.</subfield></datafield><datafield ind1=' ' ind2=' ' tag='902'><subfield code='a'>091125</subfield></datafield><datafield ind1=' ' ind2=' ' tag='907'><subfield code='a'>.b10941629</subfield><subfield code='b'>a    </subfield><subfield code='c'>-</subfield></datafield><datafield ind1=' ' ind2=' ' tag='935'><subfield code='a'>00100036</subfield></datafield><datafield ind1=' ' ind2=' ' tag='945'><subfield code='l'>astk </subfield><subfield code='g'>1</subfield></datafield><datafield ind1=' ' ind2=' ' tag='950'><subfield code='l'>AMB</subfield><subfield code='x'>70</subfield><subfield code='i'>01/01/01 N</subfield></datafield><datafield ind1=' ' ind2=' ' tag='955'><subfield code='c'>-</subfield><subfield code='u'>a=1150501   jar7809</subfield></datafield><datafield ind1=' ' ind2=' ' tag='979'><subfield code='a'>ocm02598472</subfield></datafield><datafield ind1=' ' ind2=' ' tag='998'><subfield code='b'>1</subfield><subfield code='c'>990101</subfield><subfield code='d'>m</subfield><subfield code='e'>a</subfield><subfield code='f'>-</subfield><subfield code='g'>4</subfield></datafield><datafield ind1=' ' ind2=' ' tag='998'><subfield code='n'>PPT</subfield><subfield code='s'>9665</subfield></datafield><datafield ind1=' ' ind2=' ' tag='ADM'><subfield code='b'>2017-08-25 22:36:40</subfield><subfield code='e'>b10941629-01tuli_inst</subfield><subfield code='d'>ILS</subfield><subfield code='a'>2017-06-20 10:46:06</subfield><subfield code='c'>false</subfield></datafield><datafield ind1='0' ind2=' ' tag='HLD'><subfield code='b'>AMBLER</subfield><subfield code='c'>stacks</subfield><subfield code='h'>E184.J5S55 1977</subfield><subfield code='8'>22305967370003811</subfield></datafield><datafield ind1=' ' ind2=' ' tag='ITM'><subfield code='r'>22305967370003811</subfield><subfield code='b'>1</subfield><subfield code='h'>0</subfield><subfield code='g'>stacks</subfield><subfield code='t'>BOOK</subfield><subfield code='9'>39074002654028</subfield><subfield code='e'>stacks</subfield><subfield code='8'>23305967340003811</subfield><subfield code='a'>0</subfield><subfield code='q'>2017-06-20 10:46:06</subfield><subfield code='i'>E184.J5S55 1977</subfield><subfield code='d'>AMBLER</subfield><subfield code='f'>AMBLER</subfield></datafield></record>