
  <record xmlns='http://www.loc.gov/MARC21/slim'><leader>01343pam a2200409 a 4500</leader><controlfield tag='005'>20170826032726.0</controlfield><controlfield tag='008'>951127s1996    paub     b    001 0 eng  </controlfield><controlfield tag='001'>991036421349703811</controlfield><datafield ind1=' ' ind2=' ' tag='010'><subfield code='a'>95043074</subfield></datafield><datafield ind1=' ' ind2=' ' tag='020'><subfield code='a'>0827605625</subfield></datafield><datafield ind1=' ' ind2=' ' tag='035'><subfield code='a'>(PPT)b17603675-01tuli_inst</subfield></datafield><datafield ind1=' ' ind2=' ' tag='035'><subfield code='a'>(DLC    )ocn477857246</subfield><subfield code='9'>ExL</subfield></datafield><datafield ind1=' ' ind2=' ' tag='035'><subfield code='a'>DLC   95043074</subfield></datafield><datafield ind1=' ' ind2=' ' tag='035'><subfield code='a'>ocm33861844</subfield></datafield><datafield ind1=' ' ind2=' ' tag='035'><subfield code='a'>(OCLC)ocm33861844</subfield></datafield><datafield ind1=' ' ind2=' ' tag='040'><subfield code='a'>DLC</subfield><subfield code='c'>DLC</subfield><subfield code='d'>DLC</subfield><subfield code='d'>OrLoB</subfield></datafield><datafield ind1=' ' ind2=' ' tag='043'><subfield code='a'>e-sp---</subfield></datafield><datafield ind1=' ' ind2=' ' tag='079'><subfield code='a'>ocm33861844</subfield></datafield><datafield ind1=' ' ind2=' ' tag='090'><subfield code='a'>DS135.S7G58 1996</subfield></datafield><datafield ind1='1' ind2=' ' tag='100'><subfield code='a'>Gitlitz, David M.</subfield><subfield code='q'>(David Martin)</subfield></datafield><datafield ind1='1' ind2='0' tag='245'><subfield code='a'>Secrecy and deceit :</subfield><subfield code='b'>the religion of the crypto-Jews /</subfield><subfield code='c'>David M. Gitlitz.</subfield></datafield><datafield ind1=' ' ind2=' ' tag='250'><subfield code='a'>1st ed.</subfield></datafield><datafield ind1=' ' ind2=' ' tag='260'><subfield code='a'>Philadelphia, PA :</subfield><subfield code='b'>Jewish Publication Society,</subfield><subfield code='c'>c1996.</subfield></datafield><datafield ind1=' ' ind2=' ' tag='300'><subfield code='a'>xvi, 677 p. :</subfield><subfield code='b'>map ;</subfield><subfield code='c'>27 cm.</subfield></datafield><datafield ind1=' ' ind2=' ' tag='504'><subfield code='a'>Includes bibliographical references (p. 629-651) and index.</subfield></datafield><datafield ind1=' ' ind2=' ' tag='590'><subfield code='a'>Philadelphia Jewish Archives: Acc. 2561</subfield></datafield><datafield ind1=' ' ind2='0' tag='650'><subfield code='a'>Jews</subfield><subfield code='z'>Spain</subfield><subfield code='x'>History.</subfield></datafield><datafield ind1=' ' ind2='0' tag='650'><subfield code='a'>Marranos</subfield><subfield code='x'>Religious life.</subfield></datafield><datafield ind1=' ' ind2='0' tag='651'><subfield code='a'>Spain</subfield><subfield code='x'>Ethnic relations.</subfield></datafield><datafield ind1='2' ind2=' ' tag='710'><subfield code='a'>Temple University.</subfield><subfield code='b'>Libraries.</subfield><subfield code='b'>Jewish Publication Society Collection.</subfield><subfield code='5'>PPT</subfield></datafield><datafield ind1=' ' ind2=' ' tag='902'><subfield code='a'>130919</subfield></datafield><datafield ind1=' ' ind2=' ' tag='907'><subfield code='a'>.b17603675</subfield><subfield code='b'>multi</subfield><subfield code='c'>-</subfield></datafield><datafield ind1=' ' ind2=' ' tag='935'><subfield code='a'>00827161</subfield></datafield><datafield ind1=' ' ind2=' ' tag='945'><subfield code='l'>pstk </subfield><subfield code='g'>1</subfield></datafield><datafield ind1=' ' ind2=' ' tag='945'><subfield code='l'>upjac</subfield><subfield code='a'>Z473.J458</subfield><subfield code='b'>G5755 1996</subfield><subfield code='g'>1</subfield></datafield><datafield ind1=' ' ind2=' ' tag='979'><subfield code='a'>ocm33861844</subfield></datafield><datafield ind1=' ' ind2=' ' tag='998'><subfield code='b'>1</subfield><subfield code='c'>990101</subfield><subfield code='d'>m</subfield><subfield code='e'>a</subfield><subfield code='f'>-</subfield><subfield code='g'>0</subfield></datafield><datafield ind1=' ' ind2=' ' tag='ADM'><subfield code='b'>2017-08-26 07:27:26</subfield><subfield code='e'>b17603675-01tuli_inst</subfield><subfield code='d'>ILS</subfield><subfield code='a'>2017-06-20 07:17:54</subfield><subfield code='c'>false</subfield></datafield><datafield ind1='0' ind2=' ' tag='HLD'><subfield code='b'>SCRC</subfield><subfield code='c'>rarestacks</subfield><subfield code='h'>Z473.J458 G5755 1996</subfield><subfield code='8'>22264212460003811</subfield></datafield><datafield ind1='0' ind2=' ' tag='HLD'><subfield code='b'>MAIN</subfield><subfield code='c'>stacks</subfield><subfield code='h'>DS135.S7G58 1996</subfield><subfield code='8'>22264212490003811</subfield></datafield><datafield ind1=' ' ind2=' ' tag='ITM'><subfield code='r'>22264212460003811</subfield><subfield code='b'>1</subfield><subfield code='h'>0</subfield><subfield code='g'>rarestacks</subfield><subfield code='t'>BOOK</subfield><subfield code='9'>39074024981995</subfield><subfield code='e'>rarestacks</subfield><subfield code='8'>23264212450003811</subfield><subfield code='a'>4</subfield><subfield code='q'>2017-06-20 07:17:54</subfield><subfield code='i'>Z473.J458 G5755 1996</subfield><subfield code='d'>SCRC</subfield><subfield code='f'>SCRC</subfield></datafield><datafield ind1=' ' ind2=' ' tag='ITM'><subfield code='r'>22264212490003811</subfield><subfield code='b'>1</subfield><subfield code='h'>0</subfield><subfield code='g'>stacks</subfield><subfield code='t'>BOOK</subfield><subfield code='9'>39074010564565</subfield><subfield code='e'>stacks</subfield><subfield code='8'>23264212470003811</subfield><subfield code='a'>0</subfield><subfield code='q'>2017-06-20 07:17:54</subfield><subfield code='i'>DS135.S7G58 1996</subfield><subfield code='d'>MAIN</subfield><subfield code='f'>MAIN</subfield></datafield></record>