
  <record xmlns='http://www.loc.gov/MARC21/slim'><leader>01366pam a2200421 a 4500</leader><controlfield tag='005'>20170825234149.0</controlfield><controlfield tag='008'>000811s2001    nyu      b    001 0 eng  </controlfield><controlfield tag='001'>991013963759703811</controlfield><datafield ind1=' ' ind2=' ' tag='010'><subfield code='a'>00043809</subfield></datafield><datafield ind1=' ' ind2=' ' tag='020'><subfield code='a'>0670859508 (alk. paper)</subfield></datafield><datafield ind1=' ' ind2=' ' tag='035'><subfield code='a'>(PPT)b21637490-01tuli_inst</subfield></datafield><datafield ind1=' ' ind2=' ' tag='035'><subfield code='a'>(DLC)ocn486248245</subfield><subfield code='9'>ExL</subfield></datafield><datafield ind1=' ' ind2=' ' tag='035'><subfield code='a'>DLC   00043809</subfield></datafield><datafield ind1=' ' ind2=' ' tag='035'><subfield code='a'>ocm44818667</subfield></datafield><datafield ind1=' ' ind2=' ' tag='035'><subfield code='a'>(OCLC)ocm44818667</subfield></datafield><datafield ind1=' ' ind2=' ' tag='040'><subfield code='a'>DLC</subfield><subfield code='c'>DLC</subfield><subfield code='d'>OrLoB</subfield></datafield><datafield ind1=' ' ind2=' ' tag='042'><subfield code='a'>pcc</subfield></datafield><datafield ind1=' ' ind2=' ' tag='079'><subfield code='a'>ocm44818667</subfield></datafield><datafield ind1=' ' ind2=' ' tag='090'><subfield code='a'>QA76.9.A25</subfield><subfield code='b'>L49 2001</subfield></datafield><datafield ind1='1' ind2=' ' tag='100'><subfield code='a'>Levy, Steven.</subfield></datafield><datafield ind1='1' ind2='0' tag='245'><subfield code='a'>Crypto :</subfield><subfield code='b'>how the code rebels beat the government : saving privacy in the digital age /</subfield><subfield code='c'>Steven Levy.</subfield></datafield><datafield ind1=' ' ind2=' ' tag='260'><subfield code='a'>New York :</subfield><subfield code='b'>Viking,</subfield><subfield code='c'>2001.</subfield></datafield><datafield ind1=' ' ind2=' ' tag='300'><subfield code='a'>viii, 356 p. ;</subfield><subfield code='c'>24 cm.</subfield></datafield><datafield ind1=' ' ind2=' ' tag='504'><subfield code='a'>Includes bibliographical references (p. [331]-344) and index.</subfield></datafield><datafield ind1=' ' ind2=' ' tag='590'><subfield code='a'>Given by Drs. Jonathan and Susan Sachs in honor of Drs. Franklin and Marcia Sachs Littell.</subfield></datafield><datafield ind1=' ' ind2='0' tag='650'><subfield code='a'>Computer security.</subfield></datafield><datafield ind1=' ' ind2='0' tag='650'><subfield code='a'>Cryptography.</subfield></datafield><datafield ind1='0' ind2=' ' tag='740'><subfield code='a'>Franklin and Marcia Sachs Littell Collection.</subfield><subfield code='5'>PPT</subfield></datafield><datafield ind1=' ' ind2=' ' tag='901'><subfield code='a'>BNA</subfield></datafield><datafield ind1=' ' ind2=' ' tag='901'><subfield code='a'>R1216100</subfield></datafield><datafield ind1=' ' ind2=' ' tag='902'><subfield code='a'>160328</subfield></datafield><datafield ind1=' ' ind2=' ' tag='902'><subfield code='a'>010120AB0701</subfield></datafield><datafield ind1=' ' ind2=' ' tag='907'><subfield code='a'>.b21637490</subfield><subfield code='b'>multi</subfield><subfield code='c'>-</subfield></datafield><datafield ind1=' ' ind2=' ' tag='945'><subfield code='l'>pstk </subfield><subfield code='g'>1</subfield></datafield><datafield ind1=' ' ind2=' ' tag='945'><subfield code='l'>srare</subfield><subfield code='a'>QA76.9.A25</subfield><subfield code='b'>L49 2001 Littell     </subfield><subfield code='g'>1</subfield></datafield><datafield ind1=' ' ind2=' ' tag='979'><subfield code='a'>ocm44818667</subfield></datafield><datafield ind1=' ' ind2=' ' tag='998'><subfield code='b'>1</subfield><subfield code='c'>010308</subfield><subfield code='d'>m</subfield><subfield code='e'>a</subfield><subfield code='f'>-</subfield><subfield code='g'>0</subfield></datafield><datafield ind1=' ' ind2=' ' tag='998'><subfield code='b'>1</subfield><subfield code='c'>010308</subfield><subfield code='d'>m</subfield><subfield code='e'>a</subfield><subfield code='f'>-</subfield><subfield code='g'>0</subfield></datafield><datafield ind1=' ' ind2=' ' tag='ADM'><subfield code='b'>2018-03-15 22:34:10</subfield><subfield code='e'>b21637490-01tuli_inst</subfield><subfield code='d'>ILS</subfield><subfield code='a'>2017-06-20 08:24:50</subfield><subfield code='c'>false</subfield></datafield><datafield ind1='0' ind2=' ' tag='HLD'><subfield code='b'>SCRC</subfield><subfield code='c'>rarestacks</subfield><subfield code='h'>QA76.9.A25 L49 2001 Littell</subfield><subfield code='8'>22281707670003811</subfield></datafield><datafield ind1='0' ind2=' ' tag='HLD'><subfield code='b'>MAIN</subfield><subfield code='c'>stacks</subfield><subfield code='h'>QA76.9.A25</subfield><subfield code='i'>L49 2001</subfield><subfield code='8'>22281707690003811</subfield></datafield><datafield ind1=' ' ind2=' ' tag='ITM'><subfield code='r'>22281707670003811</subfield><subfield code='b'>1</subfield><subfield code='h'>0</subfield><subfield code='g'>rarestacks</subfield><subfield code='t'>BOOK</subfield><subfield code='9'>39074027524339</subfield><subfield code='e'>rarestacks</subfield><subfield code='8'>23281707660003811</subfield><subfield code='a'>4</subfield><subfield code='q'>2017-06-20 08:24:50</subfield><subfield code='i'>QA76.9.A25 L49 2001 Littell</subfield><subfield code='d'>SCRC</subfield><subfield code='f'>SCRC</subfield></datafield><datafield ind1=' ' ind2=' ' tag='ITM'><subfield code='r'>22281707690003811</subfield><subfield code='b'>1</subfield><subfield code='h'>0</subfield><subfield code='g'>stacks</subfield><subfield code='t'>BOOK</subfield><subfield code='9'>39074014445332</subfield><subfield code='e'>stacks</subfield><subfield code='8'>23281707680003811</subfield><subfield code='a'>0</subfield><subfield code='q'>2017-06-20 08:24:50</subfield><subfield code='i'>QA76.9.A25 L49 2001</subfield><subfield code='d'>MAIN</subfield><subfield code='f'>MAIN</subfield></datafield></record>