
  <record xmlns='http://www.loc.gov/MARC21/slim'><leader>01385pam a22003854a 4500</leader><controlfield tag='005'>20170825172402.0</controlfield><controlfield tag='008'>090126s2009    enk      b    001 0 eng  </controlfield><controlfield tag='001'>991036665179703811</controlfield><datafield ind1=' ' ind2=' ' tag='010'><subfield code='a'>2009002658</subfield></datafield><datafield ind1=' ' ind2=' ' tag='020'><subfield code='a'>9780195336238 (hardback : alk. paper)</subfield></datafield><datafield ind1=' ' ind2=' ' tag='020'><subfield code='a'>0195336232 (hardback : alk. paper)</subfield></datafield><datafield ind1=' ' ind2=' ' tag='035'><subfield code='a'>(PPT)b41514130-01tuli_inst</subfield></datafield><datafield ind1=' ' ind2=' ' tag='035'><subfield code='a'>(OCoLC)ocn654347825</subfield><subfield code='9'>ExL</subfield></datafield><datafield ind1=' ' ind2=' ' tag='035'><subfield code='a'>(OCoLC)300463024</subfield></datafield><datafield ind1=' ' ind2=' ' tag='035'><subfield code='a'>ocn300463024</subfield></datafield><datafield ind1=' ' ind2=' ' tag='035'><subfield code='a'>(OCLC)ocn300463024</subfield></datafield><datafield ind1=' ' ind2=' ' tag='040'><subfield code='a'>DLC</subfield><subfield code='c'>DLC</subfield><subfield code='d'>BTCTA</subfield><subfield code='d'>YDXCP</subfield><subfield code='d'>UKM</subfield><subfield code='d'>C#P</subfield></datafield><datafield ind1=' ' ind2=' ' tag='079'><subfield code='a'>ocn300463024</subfield></datafield><datafield ind1=' ' ind2=' ' tag='090'><subfield code='a'>BM562</subfield><subfield code='b'>.S54 2009</subfield></datafield><datafield ind1='1' ind2=' ' tag='100'><subfield code='a'>Sherwin, Byron L.</subfield></datafield><datafield ind1='1' ind2='0' tag='245'><subfield code='a'>Faith finding meaning :</subfield><subfield code='b'>a theology of Judaism /</subfield><subfield code='c'>Byron L. Sherwin.</subfield></datafield><datafield ind1=' ' ind2=' ' tag='260'><subfield code='a'>Oxford ;</subfield><subfield code='a'>New York :</subfield><subfield code='b'>Oxford University Press,</subfield><subfield code='c'>2009.</subfield></datafield><datafield ind1=' ' ind2=' ' tag='300'><subfield code='a'>xi, 207 p. ;</subfield><subfield code='c'>22 cm.</subfield></datafield><datafield ind1=' ' ind2=' ' tag='504'><subfield code='a'>Includes bibliographical references and index.</subfield></datafield><datafield ind1='0' ind2=' ' tag='505'><subfield code='a'>From Crypto-Jews to Crypto-Judaism -- Substitute faiths -- The nature of Jewish theology -- Faith finding meaning -- Living in the covenant -- Rendezvous with God -- Meaning despite evil and absurdity -- Hope despite experience.</subfield></datafield><datafield ind1=' ' ind2='0' tag='650'><subfield code='a'>Judaism.</subfield></datafield><datafield ind1=' ' ind2=' ' tag='901'><subfield code='a'>BNA</subfield></datafield><datafield ind1=' ' ind2=' ' tag='901'><subfield code='a'>R1813134</subfield></datafield><datafield ind1=' ' ind2=' ' tag='902'><subfield code='a'>110512</subfield></datafield><datafield ind1=' ' ind2=' ' tag='902'><subfield code='a'>091111AB0701</subfield></datafield><datafield ind1=' ' ind2=' ' tag='907'><subfield code='a'>.b41514130</subfield><subfield code='b'>p    </subfield><subfield code='c'>-</subfield></datafield><datafield ind1=' ' ind2=' ' tag='945'><subfield code='l'>pstk </subfield><subfield code='g'>1</subfield></datafield><datafield ind1=' ' ind2=' ' tag='979'><subfield code='a'>ocn300463024</subfield></datafield><datafield ind1=' ' ind2=' ' tag='998'><subfield code='b'>1</subfield><subfield code='c'>091119</subfield><subfield code='d'>m</subfield><subfield code='e'>a</subfield><subfield code='f'>-</subfield><subfield code='g'>0</subfield></datafield><datafield ind1=' ' ind2=' ' tag='998'><subfield code='b'>1</subfield><subfield code='c'>091119</subfield><subfield code='d'>m</subfield><subfield code='e'>a</subfield><subfield code='f'>-</subfield><subfield code='g'>0</subfield></datafield><datafield ind1=' ' ind2=' ' tag='ADM'><subfield code='b'>2017-08-25 21:24:02</subfield><subfield code='e'>b41514130-01tuli_inst</subfield><subfield code='d'>ILS</subfield><subfield code='a'>2017-06-20 11:14:58</subfield><subfield code='c'>false</subfield></datafield><datafield ind1='0' ind2=' ' tag='HLD'><subfield code='b'>MAIN</subfield><subfield code='c'>stacks</subfield><subfield code='h'>BM562</subfield><subfield code='i'>.S54 2009</subfield><subfield code='8'>22310120100003811</subfield></datafield><datafield ind1=' ' ind2=' ' tag='ITM'><subfield code='r'>22310120100003811</subfield><subfield code='b'>1</subfield><subfield code='h'>0</subfield><subfield code='g'>stacks</subfield><subfield code='t'>BOOK</subfield><subfield code='9'>39074025560533</subfield><subfield code='e'>stacks</subfield><subfield code='8'>23310120090003811</subfield><subfield code='a'>0</subfield><subfield code='q'>2017-06-20 11:14:58</subfield><subfield code='i'>BM562 .S54 2009</subfield><subfield code='d'>MAIN</subfield><subfield code='f'>MAIN</subfield></datafield></record>