
  <record xmlns='http://www.loc.gov/MARC21/slim'><leader>01391pam a22004334a 4500</leader><controlfield tag='005'>20180322150117.0</controlfield><controlfield tag='008'>050322s2005    nyuab    b    001 0 eng  </controlfield><controlfield tag='001'>991005909419703811</controlfield><datafield ind1=' ' ind2=' ' tag='010'><subfield code='a'>2005045455</subfield></datafield><datafield ind1=' ' ind2=' ' tag='020'><subfield code='a'>023112936X (cloth : alk. paper)</subfield></datafield><datafield ind1=' ' ind2=' ' tag='035'><subfield code='a'>(PPT)b28436258-01tuli_inst</subfield></datafield><datafield ind1=' ' ind2=' ' tag='035'><subfield code='a'>(OCoLC)ocn490750252</subfield><subfield code='9'>ExL</subfield></datafield><datafield ind1=' ' ind2=' ' tag='035'><subfield code='a'>DLCOCM58729008</subfield></datafield><datafield ind1=' ' ind2=' ' tag='035'><subfield code='a'>ocm58729008</subfield></datafield><datafield ind1=' ' ind2=' ' tag='035'><subfield code='a'>(OCLC)ocm58729008</subfield></datafield><datafield ind1=' ' ind2=' ' tag='040'><subfield code='a'>DLC</subfield><subfield code='c'>DLC</subfield><subfield code='d'>YDX</subfield><subfield code='d'>UKM</subfield><subfield code='d'>BAKER</subfield><subfield code='d'>C#P</subfield></datafield><datafield ind1=' ' ind2=' ' tag='042'><subfield code='a'>pcc</subfield></datafield><datafield ind1=' ' ind2=' ' tag='043'><subfield code='a'>n-us-nm</subfield></datafield><datafield ind1=' ' ind2=' ' tag='079'><subfield code='a'>ocm58729008</subfield></datafield><datafield ind1=' ' ind2=' ' tag='090'><subfield code='a'>F805.J5</subfield><subfield code='b'>H67 2005</subfield></datafield><datafield ind1='1' ind2=' ' tag='100'><subfield code='a'>Hordes, Stanley M.</subfield></datafield><datafield ind1='1' ind2='0' tag='245'><subfield code='a'>To the end of the earth :</subfield><subfield code='b'>a history of the crypto-Jews of New Mexico /</subfield><subfield code='c'>Stanley M. Hordes.</subfield></datafield><datafield ind1=' ' ind2=' ' tag='260'><subfield code='a'>New York :</subfield><subfield code='b'>Columbia University Press,</subfield><subfield code='c'>c2005.</subfield></datafield><datafield ind1=' ' ind2=' ' tag='300'><subfield code='a'>xxi, 348 p. :</subfield><subfield code='b'>ill., maps ;</subfield><subfield code='c'>24 cm.</subfield></datafield><datafield ind1=' ' ind2=' ' tag='504'><subfield code='a'>Includes bibliographical references (p. 297-329) and index.</subfield></datafield><datafield ind1=' ' ind2='0' tag='650'><subfield code='a'>Jews</subfield><subfield code='z'>New Mexico</subfield><subfield code='x'>History.</subfield></datafield><datafield ind1=' ' ind2='0' tag='650'><subfield code='a'>Marranos</subfield><subfield code='z'>New Mexico</subfield><subfield code='x'>History.</subfield></datafield><datafield ind1=' ' ind2='0' tag='650'><subfield code='a'>Sephardim</subfield><subfield code='z'>New Mexico</subfield><subfield code='x'>History.</subfield></datafield><datafield ind1=' ' ind2='0' tag='650'><subfield code='a'>Marranos</subfield><subfield code='x'>Social life and customs.</subfield></datafield><datafield ind1=' ' ind2='0' tag='650'><subfield code='a'>Jews</subfield><subfield code='x'>Cultural assimilation</subfield></datafield><datafield ind1=' ' ind2='0' tag='650'><subfield code='a'>Jews</subfield><subfield code='x'>Identity.</subfield></datafield><datafield ind1=' ' ind2='0' tag='651'><subfield code='a'>New Mexico</subfield><subfield code='x'>Ethnic relations.</subfield></datafield><datafield ind1=' ' ind2=' ' tag='901'><subfield code='a'>BNA</subfield></datafield><datafield ind1=' ' ind2=' ' tag='901'><subfield code='a'>R9521798</subfield></datafield><datafield ind1=' ' ind2=' ' tag='902'><subfield code='a'>050922AB0701</subfield></datafield><datafield ind1=' ' ind2=' ' tag='907'><subfield code='a'>.b28436258</subfield><subfield code='b'>p    </subfield><subfield code='c'>-</subfield></datafield><datafield ind1=' ' ind2=' ' tag='945'><subfield code='l'>pstk </subfield><subfield code='g'>1</subfield></datafield><datafield ind1=' ' ind2=' ' tag='979'><subfield code='a'>ocm58729008</subfield></datafield><datafield ind1=' ' ind2=' ' tag='998'><subfield code='b'>0</subfield><subfield code='c'>051108</subfield><subfield code='d'>m</subfield><subfield code='e'>a</subfield><subfield code='f'>-</subfield><subfield code='g'>0</subfield></datafield><datafield ind1=' ' ind2=' ' tag='ADM'><subfield code='b'>2018-03-22 19:01:17</subfield><subfield code='e'>b28436258-01tuli_inst</subfield><subfield code='d'>ILS</subfield><subfield code='a'>2017-06-20 10:23:50</subfield><subfield code='c'>false</subfield></datafield><datafield ind1='0' ind2=' ' tag='HLD'><subfield code='b'>MAIN</subfield><subfield code='c'>stacks</subfield><subfield code='h'>F805.J5</subfield><subfield code='i'>H67 2005</subfield><subfield code='8'>22302541840003811</subfield></datafield><datafield ind1=' ' ind2=' ' tag='ITM'><subfield code='r'>22302541840003811</subfield><subfield code='b'>1</subfield><subfield code='h'>0</subfield><subfield code='g'>stacks</subfield><subfield code='t'>BOOK</subfield><subfield code='9'>39074017576091</subfield><subfield code='e'>stacks</subfield><subfield code='8'>23302541810003811</subfield><subfield code='a'>0</subfield><subfield code='q'>2017-06-20 10:23:50</subfield><subfield code='i'>F805.J5 H67 2005</subfield><subfield code='d'>MAIN</subfield><subfield code='f'>MAIN</subfield></datafield></record>