
  <record xmlns='http://www.loc.gov/MARC21/slim'><leader>01394nam a22004214a 4500</leader><controlfield tag='005'>20170825170550.0</controlfield><controlfield tag='008'>020313s2002    maub     b    001 0 eng  </controlfield><controlfield tag='001'>991033680489703811</controlfield><datafield ind1=' ' ind2=' ' tag='010'><subfield code='a'>2002018609</subfield></datafield><datafield ind1=' ' ind2=' ' tag='020'><subfield code='a'>9004127658</subfield></datafield><datafield ind1=' ' ind2=' ' tag='035'><subfield code='a'>(PPT)b2614895x-01tuli_inst</subfield></datafield><datafield ind1=' ' ind2=' ' tag='035'><subfield code='a'>(CStRLIN)ocn489450953</subfield><subfield code='9'>ExL</subfield></datafield><datafield ind1=' ' ind2=' ' tag='035'><subfield code='a'>PPTb2614895x</subfield></datafield><datafield ind1=' ' ind2=' ' tag='035'><subfield code='a'>ocm49350981</subfield></datafield><datafield ind1=' ' ind2=' ' tag='035'><subfield code='a'>(OCLC)ocm49350981</subfield></datafield><datafield ind1=' ' ind2=' ' tag='040'><subfield code='a'>DLC</subfield><subfield code='c'>DLC</subfield><subfield code='d'>DLC</subfield><subfield code='d'>CStRLIN</subfield></datafield><datafield ind1=' ' ind2=' ' tag='042'><subfield code='a'>pcc</subfield></datafield><datafield ind1=' ' ind2=' ' tag='043'><subfield code='a'>e------</subfield></datafield><datafield ind1=' ' ind2=' ' tag='079'><subfield code='a'>ocm49350981</subfield></datafield><datafield ind1=' ' ind2=' ' tag='090'><subfield code='a'>DS134</subfield><subfield code='b'>.I86 2002</subfield></datafield><datafield ind1='1' ind2=' ' tag='100'><subfield code='a'>Israel, Jonathan Irvine.</subfield></datafield><datafield ind1='1' ind2='0' tag='245'><subfield code='a'>Diasporas within a diaspora :</subfield><subfield code='b'>Jews, Crypto-Jews, and the world of maritime empires (1540-1740) /</subfield><subfield code='c'>by Jonathan I. Israel.</subfield></datafield><datafield ind1=' ' ind2=' ' tag='260'><subfield code='a'>Boston, MA :</subfield><subfield code='b'>Brill,</subfield><subfield code='c'>2002.</subfield></datafield><datafield ind1=' ' ind2=' ' tag='300'><subfield code='a'>vi, 613 p. :</subfield><subfield code='b'>maps ;</subfield><subfield code='c'>25 cm.</subfield></datafield><datafield ind1=' ' ind2='0' tag='440'><subfield code='a'>Brill&apos;s series in Jewish studies ;</subfield><subfield code='v'>v. 30.</subfield></datafield><datafield ind1=' ' ind2=' ' tag='504'><subfield code='a'>Includes bibliographical references (p. [585]-600) and index.</subfield></datafield><datafield ind1=' ' ind2='0' tag='650'><subfield code='a'>Sephardim</subfield><subfield code='x'>History</subfield><subfield code='y'>16th century.</subfield></datafield><datafield ind1=' ' ind2='0' tag='650'><subfield code='a'>Sephardim</subfield><subfield code='x'>History</subfield><subfield code='y'>17th century.</subfield></datafield><datafield ind1=' ' ind2='0' tag='650'><subfield code='a'>Marranos</subfield><subfield code='x'>History</subfield><subfield code='y'>16th century.</subfield></datafield><datafield ind1=' ' ind2='0' tag='650'><subfield code='a'>Marranos</subfield><subfield code='x'>History</subfield><subfield code='y'>17th century.</subfield></datafield><datafield ind1=' ' ind2='0' tag='650'><subfield code='a'>Jews</subfield><subfield code='x'>History</subfield><subfield code='y'>70-1789.</subfield></datafield><datafield ind1=' ' ind2=' ' tag='902'><subfield code='a'>110512</subfield></datafield><datafield ind1=' ' ind2=' ' tag='907'><subfield code='a'>.b2614895x</subfield><subfield code='b'>p    </subfield><subfield code='c'>-</subfield></datafield><datafield ind1=' ' ind2=' ' tag='945'><subfield code='l'>pstk </subfield><subfield code='g'>1</subfield></datafield><datafield ind1=' ' ind2=' ' tag='952'><subfield code='a'>DCLC2002018609B</subfield><subfield code='b'>Library of Congress</subfield></datafield><datafield ind1=' ' ind2=' ' tag='979'><subfield code='a'>ocm49350981</subfield></datafield><datafield ind1=' ' ind2=' ' tag='998'><subfield code='b'>1</subfield><subfield code='c'>030226</subfield><subfield code='d'>m</subfield><subfield code='e'>a</subfield><subfield code='f'>-</subfield><subfield code='g'>0</subfield></datafield><datafield ind1=' ' ind2=' ' tag='998'><subfield code='a'>02/26/03</subfield><subfield code='s'>LC</subfield><subfield code='c'>AT</subfield></datafield><datafield ind1=' ' ind2=' ' tag='ADM'><subfield code='b'>2017-08-25 21:05:50</subfield><subfield code='e'>b2614895x-01tuli_inst</subfield><subfield code='d'>ILS</subfield><subfield code='a'>2017-06-20 08:37:20</subfield><subfield code='c'>false</subfield></datafield><datafield ind1='0' ind2=' ' tag='HLD'><subfield code='b'>MAIN</subfield><subfield code='c'>stacks</subfield><subfield code='h'>DS134</subfield><subfield code='i'>.I86 2002</subfield><subfield code='8'>22284453730003811</subfield></datafield><datafield ind1=' ' ind2=' ' tag='ITM'><subfield code='r'>22284453730003811</subfield><subfield code='b'>1</subfield><subfield code='h'>0</subfield><subfield code='g'>stacks</subfield><subfield code='t'>BOOK</subfield><subfield code='9'>39074015783707</subfield><subfield code='e'>stacks</subfield><subfield code='8'>23284453720003811</subfield><subfield code='a'>0</subfield><subfield code='q'>2017-06-20 08:37:20</subfield><subfield code='i'>DS134 .I86 2002</subfield><subfield code='d'>MAIN</subfield><subfield code='f'>MAIN</subfield></datafield></record>