
  <record xmlns='http://www.loc.gov/MARC21/slim'><leader>01394pam a2200457 a 4500</leader><controlfield tag='005'>20170826031342.0</controlfield><controlfield tag='008'>000612s2001    enkab    b    001 0 eng  </controlfield><controlfield tag='001'>991025064439703811</controlfield><datafield ind1=' ' ind2=' ' tag='010'><subfield code='a'>00055669</subfield></datafield><datafield ind1=' ' ind2=' ' tag='020'><subfield code='a'>033391791X</subfield></datafield><datafield ind1=' ' ind2=' ' tag='035'><subfield code='a'>(PPT)b2418424x-01tuli_inst</subfield></datafield><datafield ind1=' ' ind2=' ' tag='035'><subfield code='a'>(DLC)ocn487065421</subfield><subfield code='9'>ExL</subfield></datafield><datafield ind1=' ' ind2=' ' tag='035'><subfield code='a'>DLC   00055669</subfield></datafield><datafield ind1=' ' ind2=' ' tag='035'><subfield code='a'>ocm44446737</subfield></datafield><datafield ind1=' ' ind2=' ' tag='035'><subfield code='a'>(OCLC)ocm44446737</subfield></datafield><datafield ind1=' ' ind2=' ' tag='040'><subfield code='a'>DLC</subfield><subfield code='c'>DLC</subfield><subfield code='d'>OrLoB</subfield></datafield><datafield ind1=' ' ind2=' ' tag='042'><subfield code='a'>pcc</subfield></datafield><datafield ind1=' ' ind2=' ' tag='043'><subfield code='a'>e-sp---</subfield></datafield><datafield ind1=' ' ind2=' ' tag='079'><subfield code='a'>ocm44446737</subfield></datafield><datafield ind1=' ' ind2=' ' tag='090'><subfield code='a'>DS135.S7</subfield><subfield code='b'>A5735 2001</subfield></datafield><datafield ind1='1' ind2=' ' tag='100'><subfield code='a'>Alpert, Michael.</subfield></datafield><datafield ind1='1' ind2='0' tag='245'><subfield code='a'>Crypto-judaism and the Spanish inquisition /</subfield><subfield code='c'>Michael Alpert.</subfield></datafield><datafield ind1='3' ind2=' ' tag='246'><subfield code='a'>Cryptojudaism and the Spanish inquisition</subfield></datafield><datafield ind1=' ' ind2=' ' tag='260'><subfield code='a'>Houndmills [England] ;</subfield><subfield code='a'>New York :</subfield><subfield code='b'>Palgrave,</subfield><subfield code='c'>2001.</subfield></datafield><datafield ind1=' ' ind2=' ' tag='300'><subfield code='a'>x, 246 p. :</subfield><subfield code='b'>ill., maps ;</subfield><subfield code='c'>23 cm.</subfield></datafield><datafield ind1=' ' ind2=' ' tag='504'><subfield code='a'>Includes bibliographical references (p. 225-236) and index.</subfield></datafield><datafield ind1=' ' ind2='0' tag='650'><subfield code='a'>Jews</subfield><subfield code='z'>Spain</subfield><subfield code='x'>History.</subfield></datafield><datafield ind1=' ' ind2='0' tag='650'><subfield code='a'>Marranos</subfield><subfield code='z'>Spain</subfield><subfield code='x'>History.</subfield></datafield><datafield ind1=' ' ind2='0' tag='650'><subfield code='a'>Jewish Christians</subfield><subfield code='z'>Spain</subfield><subfield code='x'>History.</subfield></datafield><datafield ind1=' ' ind2='0' tag='650'><subfield code='a'>Inquisition</subfield><subfield code='z'>Spain</subfield><subfield code='x'>History.</subfield></datafield><datafield ind1=' ' ind2='0' tag='650'><subfield code='a'>Jews</subfield><subfield code='x'>Persecutions</subfield><subfield code='z'>Spain.</subfield></datafield><datafield ind1=' ' ind2='0' tag='651'><subfield code='a'>Spain</subfield><subfield code='x'>Ethnic relations.</subfield></datafield><datafield ind1=' ' ind2=' ' tag='901'><subfield code='a'>BNA</subfield></datafield><datafield ind1=' ' ind2=' ' tag='901'><subfield code='a'>R9236082</subfield></datafield><datafield ind1=' ' ind2=' ' tag='902'><subfield code='a'>110512</subfield></datafield><datafield ind1=' ' ind2=' ' tag='902'><subfield code='a'>010512AB0701</subfield></datafield><datafield ind1=' ' ind2=' ' tag='907'><subfield code='a'>.b2418424x</subfield><subfield code='b'>p    </subfield><subfield code='c'>-</subfield></datafield><datafield ind1=' ' ind2=' ' tag='945'><subfield code='l'>pstk </subfield><subfield code='g'>1</subfield></datafield><datafield ind1=' ' ind2=' ' tag='979'><subfield code='a'>ocm44446737</subfield></datafield><datafield ind1=' ' ind2=' ' tag='998'><subfield code='b'>1</subfield><subfield code='c'>010606</subfield><subfield code='d'>m</subfield><subfield code='e'>a</subfield><subfield code='f'>-</subfield><subfield code='g'>0</subfield></datafield><datafield ind1=' ' ind2=' ' tag='998'><subfield code='b'>1</subfield><subfield code='c'>010606</subfield><subfield code='d'>m</subfield><subfield code='e'>a</subfield><subfield code='f'>-</subfield><subfield code='g'>0</subfield></datafield><datafield ind1=' ' ind2=' ' tag='ADM'><subfield code='b'>2017-08-26 07:13:42</subfield><subfield code='e'>b2418424x-01tuli_inst</subfield><subfield code='d'>ILS</subfield><subfield code='a'>2017-06-20 10:58:36</subfield><subfield code='c'>false</subfield></datafield><datafield ind1='0' ind2=' ' tag='HLD'><subfield code='b'>MAIN</subfield><subfield code='c'>stacks</subfield><subfield code='h'>DS135.S7</subfield><subfield code='i'>A5735 2001</subfield><subfield code='8'>22307867440003811</subfield></datafield><datafield ind1=' ' ind2=' ' tag='ITM'><subfield code='r'>22307867440003811</subfield><subfield code='b'>1</subfield><subfield code='h'>0</subfield><subfield code='g'>stacks</subfield><subfield code='t'>BOOK</subfield><subfield code='9'>39074014652549</subfield><subfield code='e'>stacks</subfield><subfield code='8'>23307867430003811</subfield><subfield code='a'>0</subfield><subfield code='q'>2017-06-20 10:58:36</subfield><subfield code='i'>DS135.S7 A5735 2001</subfield><subfield code='d'>MAIN</subfield><subfield code='f'>MAIN</subfield></datafield></record>