
  <record xmlns='http://www.loc.gov/MARC21/slim'><leader>01411nam  22003734a 4500</leader><controlfield tag='001'>991036815489603811</controlfield><controlfield tag='005'>20170810192751.0</controlfield><controlfield tag='006'>m     o  d |      </controlfield><controlfield tag='007'>cr -n---------</controlfield><controlfield tag='008'>070723s2007    ne a    ob    001 0 eng d</controlfield><datafield ind1=' ' ind2=' ' tag='010'><subfield code='z'>  2007277271</subfield></datafield><datafield ind1=' ' ind2=' ' tag='015'><subfield code='a'>GBA721254</subfield><subfield code='2'>bnb</subfield></datafield><datafield ind1='7' ind2=' ' tag='016'><subfield code='z'>013695121</subfield><subfield code='2'>Uk</subfield></datafield><datafield ind1=' ' ind2=' ' tag='020'><subfield code='a'>1-281-92632-9</subfield></datafield><datafield ind1=' ' ind2=' ' tag='020'><subfield code='a'>9786611926328</subfield></datafield><datafield ind1=' ' ind2=' ' tag='020'><subfield code='a'>90-474-2033-0</subfield></datafield><datafield ind1=' ' ind2=' ' tag='035'><subfield code='a'>(CKB)1000000000550744</subfield></datafield><datafield ind1=' ' ind2=' ' tag='035'><subfield code='a'>(EBL)467763</subfield></datafield><datafield ind1=' ' ind2=' ' tag='035'><subfield code='a'>(OCoLC)302415447</subfield></datafield><datafield ind1=' ' ind2=' ' tag='035'><subfield code='a'>(SSID)ssj0000130310</subfield></datafield><datafield ind1=' ' ind2=' ' tag='035'><subfield code='a'>(PQKBManifestationID)11135559</subfield></datafield><datafield ind1=' ' ind2=' ' tag='035'><subfield code='a'>(PQKBTitleCode)TC0000130310</subfield></datafield><datafield ind1=' ' ind2=' ' tag='035'><subfield code='a'>(PQKBWorkID)10083000</subfield></datafield><datafield ind1=' ' ind2=' ' tag='035'><subfield code='a'>(PQKB)11473182</subfield></datafield><datafield ind1=' ' ind2=' ' tag='035'><subfield code='a'>(MiAaPQ)EBC467763</subfield></datafield><datafield ind1=' ' ind2=' ' tag='035'><subfield code='a'>(EXLCZ)991000000000550744</subfield></datafield><datafield ind1=' ' ind2=' ' tag='040'><subfield code='a'>MiAaPQ</subfield><subfield code='c'>MiAaPQ</subfield><subfield code='d'>MiAaPQ</subfield></datafield><datafield ind1=' ' ind2=' ' tag='041'><subfield code='a'>eng</subfield></datafield><datafield ind1=' ' ind2='4' tag='050'><subfield code='a'>BL639</subfield><subfield code='b'>.C66 2007</subfield></datafield><datafield ind1='0' ind2='0' tag='082'><subfield code='a'>201.72</subfield></datafield><datafield ind1='1' ind2=' ' tag='100'><subfield code='a'>Washburn, Dennis.</subfield></datafield><datafield ind1='0' ind2='0' tag='245'><subfield code='a'>Converting cultures</subfield><subfield code='h'>[electronic resource] :</subfield><subfield code='b'>religion, ideology, and transformations of modernity /</subfield><subfield code='c'>edited by Dennis Washburn and A. Kevin Reinhart.</subfield></datafield><datafield ind1=' ' ind2=' ' tag='260'><subfield code='a'>Leiden ;</subfield><subfield code='a'>Boston :</subfield><subfield code='b'>Brill ;</subfield><subfield code='a'>Biggleswade :</subfield><subfield code='b'>Extenza Turpin [distributor],</subfield><subfield code='c'>2007.</subfield></datafield><datafield ind1=' ' ind2=' ' tag='300'><subfield code='a'>1 online resource (529 p.)</subfield></datafield><datafield ind1=' ' ind2=' ' tag='336'><subfield code='a'>text</subfield><subfield code='b'>txt</subfield></datafield><datafield ind1=' ' ind2=' ' tag='337'><subfield code='a'>computer</subfield><subfield code='b'>c</subfield></datafield><datafield ind1=' ' ind2=' ' tag='338'><subfield code='a'>online resource</subfield><subfield code='b'>cr</subfield></datafield><datafield ind1='1' ind2=' ' tag='490'><subfield code='a'>Social sciences in Asia,</subfield><subfield code='x'>1567-2794 ;</subfield><subfield code='v'>14</subfield></datafield><datafield ind1=' ' ind2=' ' tag='500'><subfield code='a'>Description based upon print version of record.</subfield></datafield><datafield ind1='0' ind2=' ' tag='505'><subfield code='a'>Introduction; PART ONE CONVERTING STATES: NATIONALISM, RITUAL AND RELIGIOUS IDEOLOGY; The Crisis of &quot;&quot;Conversion&quot;&quot; and Search for National Doctrine in Early Meiji Japan (Trent Maxey); Civic Faith and Hybrid Ritual in Nationalist China (Rebecca Nedostup); The Atmosphere of Conversion in Interwar Japan (Alan Tansman); Adamant and Treacherous: Serbian Historians On Religious Conversions (Bojan Aleksov); PART TWO CONVERTING INSTITUTIONS: EDUCATION, MEDIA AND MASS MOVEMENTS</subfield></datafield><datafield ind1='8' ind2=' ' tag='505'><subfield code='a'>Gender, Conversion, and Social Transformation: The American Discourse of Domesticity and the Origins of the Bulgarian Women&apos;s Movement, 1857-1876 (Barbara Reeves-Ellington)Secular Conversion as a Turkish Revolutionary Project in the 1930s (Ertan Aydin); Some Consideration on the Building of an Ottoman Public Identity in the Nineteenth Century (Serif Mardin); Science Without Conscience: Unno Juza and Tenko of Convenience (Sari Kawana); Charismatic Entrepreneurship and Conversion: Oomoto Proselytization, 1916-1935 (Nancy Stalker); PART THREE CONVERTING SELVES: TRANSLATING MODERN IDENTITY</subfield></datafield><datafield ind1='8' ind2=' ' tag='505'><subfield code='a'>Translation and Conversion Beyond Western Modernity: Tolstoian Religion in Meiji Japan (Sho Konishi)Civilization and Its Discussants: Medeniyet and the Turkish Conversion to Modernism (Kevin Reinhart); The Double Bind of Race and Religion: The Conversion of the Dönme to Turkish Secular Nationalism (Marc Baer); The Body as the Locus of Religious Identity: Examples from Western India (James W. Laine); The Poetics of Conversion and the Problem of Translation in Endo Shusaku&apos;s Silence (Dennis Washburn); PART FOUR CONVERTING OTHERS: HYBRIDITY AND THE PROBLEM OF SINCERITY</subfield></datafield><datafield ind1='8' ind2=' ' tag='505'><subfield code='a'>&quot;&quot;Mass Movements&quot;&quot; in South India, 1877-1936 (Eliza F. Kent)From Morals to Melancholy: How a Japanese Critic Rejected Bakin and Learned to Love Shakespeare (Patrick Caddeau); Hidden Believers, Hidden Apostates: The Phenomenon of Crypto-Jews and Crypto-Christians in the Middle East (Maurus Reinkowski); True Believers? Agency and Sincerity in Representations of &quot;&quot;Mass Movement&quot;&quot; Converts in 1930s India (Laura Dudley Jenkins); From Ideological Literature to a Literary Ideology: &quot;&quot;Conversion&quot;&quot; in Wartime Japan (James Dorsey); Index</subfield></datafield><datafield ind1=' ' ind2=' ' tag='520'><subfield code='a'>This volume considers the concept of conversion as a tool for understanding transformations to modernity. It examines conversions to modernity within the Ottoman domain, India, China, and Japan as a reaction to the pressures of colonialism and imperialism.</subfield></datafield><datafield ind1=' ' ind2=' ' tag='546'><subfield code='a'>English</subfield></datafield><datafield ind1=' ' ind2=' ' tag='504'><subfield code='a'>Includes bibliographical references and index.</subfield></datafield><datafield ind1=' ' ind2='0' tag='650'><subfield code='a'>Conversion.</subfield></datafield><datafield ind1=' ' ind2='0' tag='650'><subfield code='a'>Secularism.</subfield></datafield><datafield ind1=' ' ind2='0' tag='650'><subfield code='a'>Religion.</subfield></datafield><datafield ind1=' ' ind2='0' tag='650'><subfield code='a'>Irreligion.</subfield></datafield><datafield ind1=' ' ind2='0' tag='650'><subfield code='a'>Religion and state.</subfield></datafield><datafield ind1=' ' ind2='4' tag='655'><subfield code='a'>Electronic books.</subfield></datafield><datafield ind1=' ' ind2=' ' tag='776'><subfield code='z'>90-04-15822-7</subfield></datafield><datafield ind1='1' ind2=' ' tag='700'><subfield code='a'>Washburn, Dennis C.</subfield><subfield code='q'>(Dennis Charles),</subfield><subfield code='d'>1954-</subfield></datafield><datafield ind1='1' ind2=' ' tag='700'><subfield code='a'>Reinhart, A. Kevin,</subfield><subfield code='d'>1952-</subfield></datafield><datafield ind1=' ' ind2='0' tag='830'><subfield code='a'>Social Sciences in Asia, 14</subfield></datafield><datafield ind1=' ' ind2=' ' tag='906'><subfield code='a'>BOOK</subfield></datafield><datafield ind1=' ' ind2=' ' tag='ADM'><subfield code='b'>2017-11-28 00:31:18</subfield><subfield code='e'>1000000000550744</subfield><subfield code='d'>PQNKB</subfield><subfield code='f'>20160828021234.0</subfield><subfield code='a'>2012-02-26 01:51:58</subfield><subfield code='c'>false</subfield></datafield><datafield ind1=' ' ind2=' ' tag='PRT'><subfield code='a'>53393690380003811</subfield><subfield code='b'>https://sandbox01-na.alma.exlibrisgroup.com/view/uresolver/01TULI_INST/openurl?u.ignore_date_coverage=true&amp;rft.mms_id=991036815489603811</subfield><subfield code='e'>EBSCOhost</subfield><subfield code='9'>Available</subfield><subfield code='c'>EBSCOhost Academic eBook Collection (North America)</subfield><subfield code='h'>613640000000000029</subfield><subfield code='8'>53393690380003811</subfield></datafield></record>