
  <record xmlns='http://www.loc.gov/MARC21/slim'><leader>01433nam a22003850  4500</leader><controlfield tag='005'>20180315193841.0</controlfield><controlfield tag='008'>890824s1988    ne a     b    00100 eng  </controlfield><controlfield tag='001'>991025215049703811</controlfield><datafield ind1=' ' ind2=' ' tag='010'><subfield code='a'>88019121</subfield></datafield><datafield ind1=' ' ind2=' ' tag='020'><subfield code='a'>0444704841 (U.S.)</subfield></datafield><datafield ind1=' ' ind2=' ' tag='035'><subfield code='a'>(PPT)b15210996-01tuli_inst</subfield></datafield><datafield ind1=' ' ind2=' ' tag='035'><subfield code='a'>ocn471658709</subfield><subfield code='9'>ExL</subfield></datafield><datafield ind1=' ' ind2=' ' tag='035'><subfield code='a'>PATG89-B16109</subfield></datafield><datafield ind1=' ' ind2=' ' tag='035'><subfield code='a'>ocm18106046</subfield></datafield><datafield ind1=' ' ind2=' ' tag='035'><subfield code='a'>(OCLC)ocm18106046</subfield></datafield><datafield ind1=' ' ind2=' ' tag='079'><subfield code='a'>ocm18106046</subfield></datafield><datafield ind1=' ' ind2=' ' tag='090'><subfield code='a'>QA76.9.A25C82 1988</subfield></datafield><datafield ind1='0' ind2='0' tag='245'><subfield code='a'>Crypto users&apos; handbook :</subfield><subfield code='b'>a guide for implementors of cryptographic protection in computer systems /</subfield><subfield code='c'>prepared under the auspices of IFIP WG 11.4 [by] Per Christoffersson ... [et al.] ; Viiveke Fåk, editor.</subfield></datafield><datafield ind1=' ' ind2=' ' tag='260'><subfield code='a'>Amsterdam [The Netherlands] ;</subfield><subfield code='a'>New York :</subfield><subfield code='b'>North-Holland ;</subfield><subfield code='a'>New York, N.Y., U.S.A. :</subfield><subfield code='b'>Sole distributors for the U.S.A. and Canada, Elsevier Science Pub. Co.,</subfield><subfield code='c'>1988.</subfield></datafield><datafield ind1=' ' ind2=' ' tag='300'><subfield code='a'>vii, 93 p. :</subfield><subfield code='b'>ill. ;</subfield><subfield code='c'>23 cm.</subfield></datafield><datafield ind1=' ' ind2=' ' tag='500'><subfield code='a'>Includes index.</subfield></datafield><datafield ind1=' ' ind2=' ' tag='504'><subfield code='a'>Bibliography: p. 80-85.</subfield></datafield><datafield ind1=' ' ind2='0' tag='650'><subfield code='a'>Computers</subfield><subfield code='x'>Access control.</subfield></datafield><datafield ind1=' ' ind2='0' tag='650'><subfield code='a'>Cryptography.</subfield></datafield><datafield ind1='1' ind2='0' tag='700'><subfield code='a'>Christoffersson, Per.</subfield></datafield><datafield ind1='1' ind2='0' tag='700'><subfield code='a'>Fåk, Viiveke,</subfield><subfield code='d'>1948-</subfield></datafield><datafield ind1='2' ind2='0' tag='710'><subfield code='a'>IFIP WG 11.4.</subfield></datafield><datafield ind1=' ' ind2=' ' tag='907'><subfield code='a'>.b15210996</subfield><subfield code='b'>p    </subfield><subfield code='c'>-</subfield></datafield><datafield ind1=' ' ind2=' ' tag='935'><subfield code='a'>00561663</subfield></datafield><datafield ind1=' ' ind2=' ' tag='945'><subfield code='l'>pstk </subfield><subfield code='g'>1</subfield></datafield><datafield ind1=' ' ind2=' ' tag='950'><subfield code='l'>P</subfield><subfield code='i'>08/24/89 N</subfield></datafield><datafield ind1=' ' ind2=' ' tag='955'><subfield code='l'>P</subfield><subfield code='c'>0</subfield><subfield code='i'>08/24/89 C</subfield></datafield><datafield ind1=' ' ind2=' ' tag='979'><subfield code='a'>ocm18106046</subfield></datafield><datafield ind1=' ' ind2=' ' tag='998'><subfield code='b'>1</subfield><subfield code='c'>990101</subfield><subfield code='d'>m</subfield><subfield code='e'>a</subfield><subfield code='f'>-</subfield><subfield code='g'>0</subfield></datafield><datafield ind1=' ' ind2=' ' tag='998'><subfield code='a'>08/24/89</subfield><subfield code='t'>c</subfield><subfield code='s'>9110</subfield><subfield code='n'>PPT</subfield><subfield code='w'>DCLC8819121B</subfield><subfield code='d'>08/24/89</subfield><subfield code='c'>MFK</subfield><subfield code='b'>MK</subfield><subfield code='i'>890824</subfield><subfield code='l'>PATG</subfield></datafield><datafield ind1=' ' ind2=' ' tag='ADM'><subfield code='b'>2018-03-15 23:38:41</subfield><subfield code='e'>b15210996-01tuli_inst</subfield><subfield code='d'>ILS</subfield><subfield code='a'>2017-06-20 06:38:47</subfield><subfield code='c'>false</subfield></datafield><datafield ind1='0' ind2=' ' tag='HLD'><subfield code='b'>MAIN</subfield><subfield code='c'>stacks</subfield><subfield code='h'>QA76.9.A25C82 1988</subfield><subfield code='8'>22251818700003811</subfield></datafield><datafield ind1=' ' ind2=' ' tag='ITM'><subfield code='r'>22251818700003811</subfield><subfield code='b'>1</subfield><subfield code='h'>0</subfield><subfield code='g'>stacks</subfield><subfield code='t'>BOOK</subfield><subfield code='9'>39074006916571</subfield><subfield code='e'>stacks</subfield><subfield code='8'>23251818690003811</subfield><subfield code='a'>0</subfield><subfield code='q'>2017-06-20 06:38:47</subfield><subfield code='i'>QA76.9.A25C82 1988</subfield><subfield code='d'>MAIN</subfield><subfield code='f'>MAIN</subfield></datafield></record>