
  <record xmlns='http://www.loc.gov/MARC21/slim'><leader>01436nam a2200409 a 4500</leader><controlfield tag='005'>20180315164754.0</controlfield><controlfield tag='008'>990910s1999    nyu      b    001 0 eng  </controlfield><controlfield tag='001'>991005505169703811</controlfield><datafield ind1=' ' ind2=' ' tag='010'><subfield code='a'>97050630</subfield></datafield><datafield ind1=' ' ind2=' ' tag='020'><subfield code='a'>0195095804</subfield></datafield><datafield ind1=' ' ind2=' ' tag='035'><subfield code='a'>(PPT)b19256413-01tuli_inst</subfield></datafield><datafield ind1=' ' ind2=' ' tag='035'><subfield code='a'>(CStRLIN)ocn475709458</subfield><subfield code='9'>ExL</subfield></datafield><datafield ind1=' ' ind2=' ' tag='035'><subfield code='a'>PATG99-B8903</subfield></datafield><datafield ind1=' ' ind2=' ' tag='035'><subfield code='a'>ocm38105848</subfield></datafield><datafield ind1=' ' ind2=' ' tag='035'><subfield code='a'>(OCLC)ocm38105848</subfield></datafield><datafield ind1=' ' ind2=' ' tag='040'><subfield code='a'>DLC</subfield><subfield code='c'>DLC</subfield><subfield code='d'>DLC</subfield></datafield><datafield ind1=' ' ind2=' ' tag='043'><subfield code='a'>e-sp---</subfield></datafield><datafield ind1=' ' ind2=' ' tag='079'><subfield code='a'>ocm38105848</subfield></datafield><datafield ind1=' ' ind2=' ' tag='090'><subfield code='a'>DS135.S75</subfield><subfield code='b'>.C336 1999</subfield></datafield><datafield ind1='1' ind2=' ' tag='100'><subfield code='a'>Melammed, Renée Levine.</subfield></datafield><datafield ind1='1' ind2='0' tag='245'><subfield code='a'>Heretics or daughters of Israel? :</subfield><subfield code='b'>the crypto-Jewish women of Castile /</subfield><subfield code='c'>Renée Levine Melammed.</subfield></datafield><datafield ind1=' ' ind2=' ' tag='260'><subfield code='a'>New York :</subfield><subfield code='b'>Oxford University Press,</subfield><subfield code='c'>1999.</subfield></datafield><datafield ind1=' ' ind2=' ' tag='300'><subfield code='a'>vi, 256 p. ;</subfield><subfield code='c'>24 cm.</subfield></datafield><datafield ind1=' ' ind2=' ' tag='504'><subfield code='a'>Includes bibliographical references (p. 243-248) and index.</subfield></datafield><datafield ind1=' ' ind2='0' tag='650'><subfield code='a'>Jews</subfield><subfield code='z'>Spain</subfield><subfield code='z'>Castile</subfield><subfield code='x'>History.</subfield></datafield><datafield ind1=' ' ind2='0' tag='650'><subfield code='a'>Marranos</subfield><subfield code='z'>Spain</subfield><subfield code='z'>Castile</subfield><subfield code='x'>History.</subfield></datafield><datafield ind1=' ' ind2='0' tag='650'><subfield code='a'>Jewish Christians</subfield><subfield code='z'>Spain</subfield><subfield code='z'>Castile</subfield><subfield code='x'>History.</subfield></datafield><datafield ind1=' ' ind2='0' tag='650'><subfield code='a'>Inquisition</subfield><subfield code='z'>Spain</subfield><subfield code='z'>Castile</subfield><subfield code='x'>History.</subfield></datafield><datafield ind1=' ' ind2='0' tag='650'><subfield code='a'>Jewish women</subfield><subfield code='x'>Religious life</subfield><subfield code='z'>Spain</subfield><subfield code='z'>Castile.</subfield></datafield><datafield ind1=' ' ind2='0' tag='651'><subfield code='a'>Castile (Spain)</subfield><subfield code='x'>Ethnic relations.</subfield></datafield><datafield ind1=' ' ind2='1' tag='901'><subfield code='i'>39074014363923</subfield><subfield code='l'>pstk</subfield><subfield code='a'>DS135.S75</subfield><subfield code='b'>.C336 1999</subfield><subfield code='t'>0</subfield><subfield code='s'>-</subfield><subfield code='z'>090</subfield></datafield><datafield ind1=' ' ind2=' ' tag='907'><subfield code='a'>.b19256413</subfield><subfield code='b'>p    </subfield><subfield code='c'>-</subfield></datafield><datafield ind1=' ' ind2=' ' tag='945'><subfield code='l'>pstk </subfield><subfield code='g'>1</subfield></datafield><datafield ind1=' ' ind2=' ' tag='950'><subfield code='l'>P</subfield></datafield><datafield ind1=' ' ind2=' ' tag='979'><subfield code='a'>ocm38105848</subfield></datafield><datafield ind1=' ' ind2=' ' tag='998'><subfield code='b'>1</subfield><subfield code='c'>990913</subfield><subfield code='d'>m</subfield><subfield code='e'>a</subfield><subfield code='f'>-</subfield><subfield code='g'>0</subfield></datafield><datafield ind1=' ' ind2=' ' tag='998'><subfield code='a'>09/10/99</subfield><subfield code='t'>c</subfield><subfield code='s'>9110</subfield><subfield code='l'>PATG</subfield><subfield code='n'>PPT</subfield><subfield code='w'>DCLC9750630B</subfield><subfield code='d'>09/10/99</subfield><subfield code='c'>AT </subfield><subfield code='b'>AT</subfield></datafield><datafield ind1=' ' ind2=' ' tag='ADM'><subfield code='b'>2018-03-15 20:47:54</subfield><subfield code='e'>b19256413-01tuli_inst</subfield><subfield code='d'>ILS</subfield><subfield code='a'>2017-06-20 13:42:41</subfield><subfield code='c'>false</subfield></datafield><datafield ind1='0' ind2=' ' tag='HLD'><subfield code='b'>MAIN</subfield><subfield code='c'>stacks</subfield><subfield code='h'>DS135.S75</subfield><subfield code='i'>.C336 1999</subfield><subfield code='8'>22326728600003811</subfield></datafield><datafield ind1=' ' ind2=' ' tag='ITM'><subfield code='r'>22326728600003811</subfield><subfield code='b'>1</subfield><subfield code='h'>0</subfield><subfield code='g'>stacks</subfield><subfield code='t'>BOOK</subfield><subfield code='9'>39074014363923</subfield><subfield code='e'>stacks</subfield><subfield code='8'>23326728590003811</subfield><subfield code='a'>0</subfield><subfield code='q'>2017-06-20 13:42:41</subfield><subfield code='i'>DS135.S75 .C336 1999</subfield><subfield code='d'>MAIN</subfield><subfield code='f'>MAIN</subfield></datafield></record>