
  <record xmlns='http://www.loc.gov/MARC21/slim'><leader>01436nam a22004330  4500</leader><controlfield tag='008'>831101s1973    nyu      b    00010 eng  </controlfield><controlfield tag='005'>20170825193310.0</controlfield><controlfield tag='001'>991012562339703811</controlfield><datafield ind1=' ' ind2=' ' tag='010'><subfield code='a'>81467663</subfield></datafield><datafield ind1=' ' ind2=' ' tag='020'><subfield code='a'>0533008093 :</subfield><subfield code='c'>$5.95</subfield></datafield><datafield ind1=' ' ind2=' ' tag='035'><subfield code='a'>(PPT)b12557869-01tuli_inst</subfield></datafield><datafield ind1=' ' ind2=' ' tag='035'><subfield code='a'>ocn471191938</subfield><subfield code='9'>ExL</subfield></datafield><datafield ind1=' ' ind2=' ' tag='035'><subfield code='a'>PATG83-B35473</subfield></datafield><datafield ind1=' ' ind2=' ' tag='035'><subfield code='a'>ocm08170782</subfield></datafield><datafield ind1=' ' ind2=' ' tag='035'><subfield code='a'>(OCLC)ocm08170782</subfield></datafield><datafield ind1=' ' ind2=' ' tag='043'><subfield code='a'>a-is---</subfield><subfield code='a'>n-us---</subfield></datafield><datafield ind1=' ' ind2=' ' tag='079'><subfield code='a'>ocm08170782</subfield></datafield><datafield ind1=' ' ind2=' ' tag='090'><subfield code='a'>E184.J5R19</subfield></datafield><datafield ind1='1' ind2='0' tag='100'><subfield code='a'>Rabinowitz, Ezekiel,</subfield><subfield code='d'>1892-</subfield></datafield><datafield ind1='1' ind2='4' tag='245'><subfield code='a'>The Jews :</subfield><subfield code='b'>their dream of Zion and the State Department /</subfield><subfield code='c'>Ezekiel Rabinowitz.</subfield></datafield><datafield ind1=' ' ind2=' ' tag='250'><subfield code='a'>1st ed.</subfield></datafield><datafield ind1=' ' ind2=' ' tag='260'><subfield code='a'>New York :</subfield><subfield code='b'>Vantage Press,</subfield><subfield code='c'>c1973.</subfield></datafield><datafield ind1=' ' ind2=' ' tag='300'><subfield code='a'>vi, 13-195 p. ;</subfield><subfield code='c'>22 cm.</subfield></datafield><datafield ind1=' ' ind2=' ' tag='504'><subfield code='a'>Includes bibliographical references.</subfield></datafield><datafield ind1=' ' ind2='0' tag='650'><subfield code='a'>Jews</subfield><subfield code='z'>United States</subfield><subfield code='x'>Politics and government.</subfield></datafield><datafield ind1=' ' ind2='0' tag='651'><subfield code='a'>United States</subfield><subfield code='x'>Foreign relations</subfield><subfield code='z'>Palestine.</subfield></datafield><datafield ind1=' ' ind2='0' tag='651'><subfield code='a'>Palestine</subfield><subfield code='x'>Foreign relations</subfield><subfield code='z'>United States.</subfield></datafield><datafield ind1=' ' ind2='0' tag='651'><subfield code='a'>United States</subfield><subfield code='x'>Ethnic relations.</subfield></datafield><datafield ind1=' ' ind2='0' tag='651'><subfield code='a'>United States</subfield><subfield code='x'>Foreign relations</subfield><subfield code='z'>Israel.</subfield></datafield><datafield ind1=' ' ind2='0' tag='651'><subfield code='a'>Israel</subfield><subfield code='x'>Foreign relations</subfield><subfield code='z'>United States.</subfield></datafield><datafield ind1=' ' ind2=' ' tag='902'><subfield code='a'>130322</subfield></datafield><datafield ind1=' ' ind2=' ' tag='907'><subfield code='a'>.b12557869</subfield><subfield code='b'>p    </subfield><subfield code='c'>-</subfield></datafield><datafield ind1=' ' ind2=' ' tag='935'><subfield code='a'>00273135</subfield></datafield><datafield ind1=' ' ind2=' ' tag='945'><subfield code='l'>pstk </subfield><subfield code='g'>1</subfield></datafield><datafield ind1=' ' ind2=' ' tag='950'><subfield code='l'>P</subfield><subfield code='i'>11/01/83 C</subfield></datafield><datafield ind1=' ' ind2=' ' tag='955'><subfield code='l'>P</subfield><subfield code='i'>11/01/83 C</subfield></datafield><datafield ind1=' ' ind2=' ' tag='979'><subfield code='a'>ocm08170782</subfield></datafield><datafield ind1=' ' ind2=' ' tag='998'><subfield code='b'>1</subfield><subfield code='c'>990101</subfield><subfield code='d'>m</subfield><subfield code='e'>a</subfield><subfield code='f'>-</subfield><subfield code='g'>4</subfield></datafield><datafield ind1=' ' ind2=' ' tag='998'><subfield code='a'>11/01/83</subfield><subfield code='t'>c</subfield><subfield code='s'>9110</subfield><subfield code='n'>PPT</subfield><subfield code='w'>DCLC81467663B</subfield><subfield code='d'>11/01/83</subfield><subfield code='c'>MW</subfield><subfield code='b'>JF</subfield><subfield code='i'>831101</subfield><subfield code='l'>PATG</subfield></datafield><datafield ind1=' ' ind2=' ' tag='ADM'><subfield code='b'>2017-08-25 23:33:10</subfield><subfield code='e'>b12557869-01tuli_inst</subfield><subfield code='d'>ILS</subfield><subfield code='a'>2017-06-20 09:54:52</subfield><subfield code='c'>false</subfield></datafield><datafield ind1='0' ind2=' ' tag='HLD'><subfield code='b'>MAIN</subfield><subfield code='c'>stacks</subfield><subfield code='h'>E184.J5R19</subfield><subfield code='8'>22298223760003811</subfield></datafield><datafield ind1=' ' ind2=' ' tag='ITM'><subfield code='r'>22298223760003811</subfield><subfield code='b'>1</subfield><subfield code='h'>0</subfield><subfield code='g'>stacks</subfield><subfield code='t'>BOOK</subfield><subfield code='9'>39074001056498</subfield><subfield code='e'>stacks</subfield><subfield code='8'>23298223750003811</subfield><subfield code='a'>0</subfield><subfield code='q'>2017-06-20 09:54:52</subfield><subfield code='i'>E184.J5R19</subfield><subfield code='d'>MAIN</subfield><subfield code='f'>MAIN</subfield></datafield></record>