
  <record xmlns='http://www.loc.gov/MARC21/slim'><leader>01448nam a2200349   4500</leader><controlfield tag='008'>890115s1967    nyuc          00000ceng u</controlfield><controlfield tag='005'>20170826033405.0</controlfield><controlfield tag='001'>991031670219703811</controlfield><datafield ind1=' ' ind2=' ' tag='010'><subfield code='a'>67023179</subfield></datafield><datafield ind1=' ' ind2=' ' tag='035'><subfield code='a'>(PPT)b25692483-01tuli_inst</subfield></datafield><datafield ind1=' ' ind2=' ' tag='035'><subfield code='a'>ocn489384491</subfield><subfield code='9'>ExL</subfield></datafield><datafield ind1=' ' ind2=' ' tag='035'><subfield code='a'>MRC08316866 </subfield></datafield><datafield ind1=' ' ind2=' ' tag='035'><subfield code='a'>ocm01513700</subfield></datafield><datafield ind1=' ' ind2=' ' tag='035'><subfield code='a'>(OCLC)ocm01513700</subfield></datafield><datafield ind1=' ' ind2=' ' tag='040'><subfield code='c'>MvI</subfield></datafield><datafield ind1=' ' ind2=' ' tag='079'><subfield code='a'>ocm01513700</subfield></datafield><datafield ind1=' ' ind2=' ' tag='090'><subfield code='a'>DS135.E9</subfield><subfield code='b'>A12 1934</subfield></datafield><datafield ind1='1' ind2=' ' tag='100'><subfield code='a'>Bolitho, Hector,</subfield><subfield code='d'>1898-</subfield></datafield><datafield ind1='1' ind2='0' tag='245'><subfield code='a'>Twelve Jews /</subfield><subfield code='c'>edited by Hector Bolitho.</subfield></datafield><datafield ind1=' ' ind2=' ' tag='260'><subfield code='a'>Freeport, N.Y. :</subfield><subfield code='b'>Books for Libraries Press,</subfield><subfield code='c'>[1967]</subfield></datafield><datafield ind1=' ' ind2=' ' tag='300'><subfield code='a'>288 p. :</subfield><subfield code='b'>ports. ;</subfield><subfield code='c'>22 cm.</subfield></datafield><datafield ind1=' ' ind2=' ' tag='490'><subfield code='a'>Essay index reprint series</subfield></datafield><datafield ind1=' ' ind2=' ' tag='500'><subfield code='a'>First published 1934 (London, Rich &amp; Cowan)</subfield></datafield><datafield ind1='0' ind2=' ' tag='505'><subfield code='a'>The first Lord Bearsted, by H. Withers. -- Benjamin Disraeli, Earl of Beaconsfield, by J. Hayward. -- Paul Ehrlich, by M. Goldsmith. -- Jacob Epstein, by J. Betjemen. -- Sigmund Freud, by P. Lindsay. -- Luigi Luzzatti, by L. Villari. -- Ludwig Mond, by H. Bolitho. -- Marcel Proust, by P. Quennell. -- Walther Rathenau, by C. R. S. Harris. -- Max Rheinhardt, by A. Pryce-Jones. -- Leon Trotsky, by J. H. Jackson. -- Chaim Weizmann, by L. Melchett.</subfield></datafield><datafield ind1=' ' ind2='0' tag='650'><subfield code='a'>Jews</subfield><subfield code='v'>Biography.</subfield></datafield><datafield ind1=' ' ind2=' ' tag='902'><subfield code='a'>100122</subfield></datafield><datafield ind1=' ' ind2=' ' tag='902'><subfield code='a'>MARCIVE RECON PROJECT</subfield></datafield><datafield ind1=' ' ind2=' ' tag='902'><subfield code='a'>DS135.E9</subfield><subfield code='b'>A12 1967</subfield></datafield><datafield ind1=' ' ind2=' ' tag='907'><subfield code='a'>.b25692483</subfield><subfield code='b'>p    </subfield><subfield code='c'>-</subfield></datafield><datafield ind1=' ' ind2=' ' tag='945'><subfield code='l'>pstk </subfield><subfield code='g'>1</subfield></datafield><datafield ind1=' ' ind2=' ' tag='979'><subfield code='a'>ocm01513700</subfield></datafield><datafield ind1=' ' ind2=' ' tag='998'><subfield code='b'>1</subfield><subfield code='c'>020823</subfield><subfield code='d'>m</subfield><subfield code='e'>a</subfield><subfield code='f'>-</subfield><subfield code='g'>0</subfield></datafield><datafield ind1=' ' ind2=' ' tag='ADM'><subfield code='b'>2017-08-26 07:34:05</subfield><subfield code='e'>b25692483-01tuli_inst</subfield><subfield code='d'>ILS</subfield><subfield code='a'>2017-06-20 09:15:20</subfield><subfield code='c'>false</subfield></datafield><datafield ind1='0' ind2=' ' tag='HLD'><subfield code='b'>MAIN</subfield><subfield code='c'>stacks</subfield><subfield code='h'>DS135.E9</subfield><subfield code='i'>A12 1934</subfield><subfield code='8'>22292350150003811</subfield></datafield><datafield ind1=' ' ind2=' ' tag='ITM'><subfield code='r'>22292350150003811</subfield><subfield code='b'>1</subfield><subfield code='h'>0</subfield><subfield code='g'>stacks</subfield><subfield code='t'>BOOK</subfield><subfield code='9'>39074010519114</subfield><subfield code='e'>stacks</subfield><subfield code='8'>23292350140003811</subfield><subfield code='a'>0</subfield><subfield code='q'>2017-06-20 09:15:20</subfield><subfield code='i'>DS135.E9 A12 1934</subfield><subfield code='d'>MAIN</subfield><subfield code='f'>MAIN</subfield></datafield></record>