
  <record xmlns='http://www.loc.gov/MARC21/slim'><leader>01461nam a2200433 a 4500</leader><controlfield tag='005'>20180315194757.0</controlfield><controlfield tag='008'>901003s1990    inuab    b   s00110 eng  </controlfield><controlfield tag='001'>991026903809703811</controlfield><datafield ind1=' ' ind2=' ' tag='010'><subfield code='a'>89046327</subfield></datafield><datafield ind1=' ' ind2=' ' tag='020'><subfield code='a'>0253350212</subfield></datafield><datafield ind1=' ' ind2=' ' tag='035'><subfield code='a'>(PPT)b15551428-01tuli_inst</subfield></datafield><datafield ind1=' ' ind2=' ' tag='035'><subfield code='a'>ocn471996717</subfield><subfield code='9'>ExL</subfield></datafield><datafield ind1=' ' ind2=' ' tag='035'><subfield code='a'>PATG90-B22693</subfield></datafield><datafield ind1=' ' ind2=' ' tag='035'><subfield code='a'>ocm20996469</subfield></datafield><datafield ind1=' ' ind2=' ' tag='035'><subfield code='a'>(OCLC)ocm20996469</subfield></datafield><datafield ind1=' ' ind2=' ' tag='040'><subfield code='a'>DLC</subfield><subfield code='c'>DLC</subfield><subfield code='d'>DLC</subfield><subfield code='d'>PPT</subfield></datafield><datafield ind1=' ' ind2=' ' tag='043'><subfield code='a'>a-tu---</subfield><subfield code='a'>e-fr---</subfield></datafield><datafield ind1=' ' ind2=' ' tag='079'><subfield code='a'>ocm20996469</subfield></datafield><datafield ind1=' ' ind2=' ' tag='090'><subfield code='a'>LC747.T9R63 1990</subfield></datafield><datafield ind1='1' ind2='0' tag='100'><subfield code='a'>Rodrigue, Aron.</subfield></datafield><datafield ind1='1' ind2='0' tag='245'><subfield code='a'>French Jews, Turkish Jews :</subfield><subfield code='b'>the Alliance israélite universelle and the politics of Jewish schooling in Turkey, 1860-1925 /</subfield><subfield code='c'>Aron Rodrigue.</subfield></datafield><datafield ind1=' ' ind2=' ' tag='260'><subfield code='a'>Bloomington :</subfield><subfield code='b'>Indiana University Press,</subfield><subfield code='c'>1990.</subfield></datafield><datafield ind1=' ' ind2=' ' tag='300'><subfield code='a'>xiv, 234 p. :</subfield><subfield code='b'>ill., map ;</subfield><subfield code='c'>25 cm.</subfield></datafield><datafield ind1='1' ind2=' ' tag='490'><subfield code='a'>The Modern Jewish experience</subfield></datafield><datafield ind1=' ' ind2=' ' tag='500'><subfield code='a'>Includes index.</subfield></datafield><datafield ind1=' ' ind2=' ' tag='504'><subfield code='a'>Bibliography: p. 210-230.</subfield></datafield><datafield ind1='2' ind2='0' tag='610'><subfield code='a'>Alliance israélite universelle.</subfield></datafield><datafield ind1=' ' ind2='0' tag='650'><subfield code='a'>Jews</subfield><subfield code='x'>Education</subfield><subfield code='z'>Turkey.</subfield></datafield><datafield ind1=' ' ind2='0' tag='650'><subfield code='a'>Jews</subfield><subfield code='z'>Turkey</subfield><subfield code='x'>History.</subfield></datafield><datafield ind1=' ' ind2='0' tag='651'><subfield code='a'>Turkey</subfield><subfield code='x'>Ethnic relations.</subfield></datafield><datafield ind1=' ' ind2='0' tag='830'><subfield code='a'>Modern Jewish experience (Bloomington, Ind.)</subfield></datafield><datafield ind1=' ' ind2=' ' tag='907'><subfield code='a'>.b15551428</subfield><subfield code='b'>p    </subfield><subfield code='c'>-</subfield></datafield><datafield ind1=' ' ind2=' ' tag='935'><subfield code='a'>00598093</subfield></datafield><datafield ind1=' ' ind2=' ' tag='945'><subfield code='l'>pstk </subfield><subfield code='g'>1</subfield></datafield><datafield ind1=' ' ind2=' ' tag='950'><subfield code='l'>P</subfield><subfield code='i'>10/03/90 N</subfield></datafield><datafield ind1=' ' ind2=' ' tag='955'><subfield code='l'>P</subfield><subfield code='c'>0</subfield><subfield code='r'>39074007486418</subfield><subfield code='i'>10/03/90 C</subfield></datafield><datafield ind1=' ' ind2=' ' tag='979'><subfield code='a'>ocm20996469</subfield></datafield><datafield ind1=' ' ind2=' ' tag='998'><subfield code='b'>1</subfield><subfield code='c'>990101</subfield><subfield code='d'>m</subfield><subfield code='e'>a</subfield><subfield code='f'>-</subfield><subfield code='g'>0</subfield></datafield><datafield ind1=' ' ind2=' ' tag='998'><subfield code='a'>10/03/90</subfield><subfield code='t'>c</subfield><subfield code='s'>9110</subfield><subfield code='n'>PPT</subfield><subfield code='w'>OHHH90B4039</subfield><subfield code='d'>10/03/90</subfield><subfield code='c'>ADS</subfield><subfield code='b'>AS</subfield><subfield code='i'>901003</subfield><subfield code='l'>PATG</subfield></datafield><datafield ind1=' ' ind2=' ' tag='ADM'><subfield code='b'>2018-03-25 08:49:44</subfield><subfield code='e'>b15551428-01tuli_inst</subfield><subfield code='d'>ILS</subfield><subfield code='a'>2017-06-20 13:11:03</subfield><subfield code='c'>false</subfield></datafield><datafield ind1='0' ind2=' ' tag='HLD'><subfield code='b'>MAIN</subfield><subfield code='c'>stacks</subfield><subfield code='h'>LC747.T9R63 1990</subfield><subfield code='8'>22323236840003811</subfield></datafield><datafield ind1=' ' ind2=' ' tag='ITM'><subfield code='r'>22323236840003811</subfield><subfield code='b'>1</subfield><subfield code='h'>0</subfield><subfield code='g'>stacks</subfield><subfield code='t'>BOOK</subfield><subfield code='9'>39074007486418</subfield><subfield code='e'>stacks</subfield><subfield code='8'>23323236830003811</subfield><subfield code='a'>0</subfield><subfield code='q'>2017-06-20 13:11:03</subfield><subfield code='i'>LC747.T9R63 1990</subfield><subfield code='d'>MAIN</subfield><subfield code='f'>MAIN</subfield></datafield></record>