
  <record xmlns='http://www.loc.gov/MARC21/slim'><leader>01525pam a2200493 a 4500</leader><controlfield tag='005'>20170825174146.0</controlfield><controlfield tag='008'>021004s2003    nmu           000 0deng  </controlfield><controlfield tag='001'>991034432969703811</controlfield><datafield ind1=' ' ind2=' ' tag='010'><subfield code='a'>2002151376</subfield></datafield><datafield ind1=' ' ind2=' ' tag='020'><subfield code='a'>082633055X (cloth : alk. paper)</subfield></datafield><datafield ind1=' ' ind2=' ' tag='035'><subfield code='a'>(PPT)b26377627-01tuli_inst</subfield></datafield><datafield ind1=' ' ind2=' ' tag='035'><subfield code='a'>(DLC)ocn489472683</subfield><subfield code='9'>ExL</subfield></datafield><datafield ind1=' ' ind2=' ' tag='035'><subfield code='a'>DLC  2002151376</subfield></datafield><datafield ind1=' ' ind2=' ' tag='035'><subfield code='a'>ocm51059087</subfield></datafield><datafield ind1=' ' ind2=' ' tag='035'><subfield code='a'>(OCLC)ocm51059087</subfield></datafield><datafield ind1=' ' ind2=' ' tag='040'><subfield code='a'>DLC</subfield><subfield code='c'>DLC</subfield><subfield code='d'>OrLoB</subfield></datafield><datafield ind1=' ' ind2=' ' tag='042'><subfield code='a'>pcc</subfield></datafield><datafield ind1=' ' ind2=' ' tag='043'><subfield code='a'>cl-----</subfield></datafield><datafield ind1=' ' ind2=' ' tag='079'><subfield code='a'>ocm51059087</subfield></datafield><datafield ind1=' ' ind2=' ' tag='090'><subfield code='a'>F1419.J4</subfield><subfield code='b'>A39 2003</subfield></datafield><datafield ind1='1' ind2=' ' tag='100'><subfield code='a'>Alexy, Trudi.</subfield></datafield><datafield ind1='1' ind2='4' tag='245'><subfield code='a'>The Marrano legacy :</subfield><subfield code='b'>a contemporary crypto-Jewish priest reveals secrets of his double life /</subfield><subfield code='c'>Trudi Alexy.</subfield></datafield><datafield ind1=' ' ind2=' ' tag='250'><subfield code='a'>1st ed.</subfield></datafield><datafield ind1=' ' ind2=' ' tag='260'><subfield code='a'>Albuquerque :</subfield><subfield code='b'>University of New Mexico Press,</subfield><subfield code='c'>c2003.</subfield></datafield><datafield ind1=' ' ind2=' ' tag='300'><subfield code='a'>x, 149 p. ;</subfield><subfield code='c'>23 cm.</subfield></datafield><datafield ind1='0' ind2='0' tag='600'><subfield code='a'>Simon</subfield><subfield code='x'>Religion.</subfield></datafield><datafield ind1='0' ind2='0' tag='600'><subfield code='a'>Simon</subfield><subfield code='v'>Correspondence.</subfield></datafield><datafield ind1=' ' ind2='0' tag='650'><subfield code='a'>Marranos</subfield><subfield code='z'>Latin America</subfield><subfield code='x'>Religious life.</subfield></datafield><datafield ind1=' ' ind2='0' tag='650'><subfield code='a'>Marranos</subfield><subfield code='z'>Latin America</subfield><subfield code='x'>Social life and customs.</subfield></datafield><datafield ind1=' ' ind2='0' tag='650'><subfield code='a'>Priests</subfield><subfield code='z'>Latin America.</subfield></datafield><datafield ind1='1' ind2='0' tag='600'><subfield code='a'>Alexy, Trudi</subfield><subfield code='v'>Correspondence.</subfield></datafield><datafield ind1='1' ind2='0' tag='600'><subfield code='a'>Alexy, Trudi</subfield><subfield code='x'>Religion.</subfield></datafield><datafield ind1=' ' ind2='0' tag='650'><subfield code='a'>Jews</subfield><subfield code='x'>Identity.</subfield></datafield><datafield ind1=' ' ind2='0' tag='650'><subfield code='a'>Jews</subfield><subfield code='x'>Cultural assimilation.</subfield></datafield><datafield ind1=' ' ind2='0' tag='651'><subfield code='a'>Latin America</subfield><subfield code='x'>Ethnic relations.</subfield></datafield><datafield ind1=' ' ind2=' ' tag='901'><subfield code='a'>BNA</subfield></datafield><datafield ind1=' ' ind2=' ' tag='901'><subfield code='a'>R8360779</subfield></datafield><datafield ind1=' ' ind2=' ' tag='902'><subfield code='a'>110512</subfield></datafield><datafield ind1=' ' ind2=' ' tag='902'><subfield code='a'>030405AB0701</subfield></datafield><datafield ind1=' ' ind2=' ' tag='907'><subfield code='a'>.b26377627</subfield><subfield code='b'>p    </subfield><subfield code='c'>-</subfield></datafield><datafield ind1=' ' ind2=' ' tag='945'><subfield code='l'>pstk </subfield><subfield code='g'>1</subfield></datafield><datafield ind1=' ' ind2=' ' tag='979'><subfield code='a'>ocm51059087</subfield></datafield><datafield ind1=' ' ind2=' ' tag='998'><subfield code='b'>1</subfield><subfield code='c'>030506</subfield><subfield code='d'>m</subfield><subfield code='e'>a</subfield><subfield code='f'>-</subfield><subfield code='g'>4</subfield></datafield><datafield ind1=' ' ind2=' ' tag='998'><subfield code='b'>1</subfield><subfield code='c'>030506</subfield><subfield code='d'>m</subfield><subfield code='e'>a</subfield><subfield code='f'>-</subfield><subfield code='g'>4</subfield></datafield><datafield ind1=' ' ind2=' ' tag='ADM'><subfield code='b'>2017-08-25 21:41:46</subfield><subfield code='e'>b26377627-01tuli_inst</subfield><subfield code='d'>ILS</subfield><subfield code='a'>2017-06-20 13:54:10</subfield><subfield code='c'>false</subfield></datafield><datafield ind1='0' ind2=' ' tag='HLD'><subfield code='b'>MAIN</subfield><subfield code='c'>stacks</subfield><subfield code='h'>F1419.J4</subfield><subfield code='i'>A39 2003</subfield><subfield code='8'>22327943140003811</subfield></datafield><datafield ind1=' ' ind2=' ' tag='ITM'><subfield code='r'>22327943140003811</subfield><subfield code='b'>1</subfield><subfield code='h'>0</subfield><subfield code='g'>stacks</subfield><subfield code='t'>BOOK</subfield><subfield code='9'>39074015505209</subfield><subfield code='e'>stacks</subfield><subfield code='8'>23327943130003811</subfield><subfield code='a'>0</subfield><subfield code='q'>2017-06-20 13:54:10</subfield><subfield code='i'>F1419.J4 A39 2003</subfield><subfield code='d'>MAIN</subfield><subfield code='f'>MAIN</subfield></datafield></record>