
  <record xmlns='http://www.loc.gov/MARC21/slim'><leader>01532cam a2200481 a 4500</leader><controlfield tag='005'>20170825195333.0</controlfield><controlfield tag='008'>080826s2008    be b     b    001 0 eng  </controlfield><controlfield tag='001'>991033710779703811</controlfield><datafield ind1=' ' ind2=' ' tag='010'><subfield code='a'>2008448813</subfield></datafield><datafield ind1=' ' ind2=' ' tag='020'><subfield code='a'>9782503524726 (hbk.)</subfield></datafield><datafield ind1=' ' ind2=' ' tag='020'><subfield code='a'>2503524729 (hbk.)</subfield></datafield><datafield ind1=' ' ind2=' ' tag='035'><subfield code='a'>(PPT)b38065472-01tuli_inst</subfield></datafield><datafield ind1=' ' ind2=' ' tag='035'><subfield code='a'>(DLC)ocn492783078</subfield><subfield code='9'>ExL</subfield></datafield><datafield ind1=' ' ind2=' ' tag='035'><subfield code='a'>(OCoLC)ocn212432286</subfield></datafield><datafield ind1=' ' ind2=' ' tag='035'><subfield code='a'>ocn212432286</subfield></datafield><datafield ind1=' ' ind2=' ' tag='035'><subfield code='a'>(OCLC)ocn212432286</subfield></datafield><datafield ind1=' ' ind2=' ' tag='040'><subfield code='a'>UKM</subfield><subfield code='c'>UKM</subfield><subfield code='d'>BTCTA</subfield><subfield code='d'>YDXCP</subfield><subfield code='d'>BAKER</subfield><subfield code='d'>OHX</subfield><subfield code='d'>BWX</subfield><subfield code='d'>WTU</subfield><subfield code='d'>CDX</subfield><subfield code='d'>DLC</subfield></datafield><datafield ind1=' ' ind2=' ' tag='042'><subfield code='a'>lccopycat</subfield></datafield><datafield ind1=' ' ind2=' ' tag='043'><subfield code='a'>e-sp---</subfield></datafield><datafield ind1=' ' ind2=' ' tag='079'><subfield code='a'>ocn212432286</subfield></datafield><datafield ind1=' ' ind2=' ' tag='090'><subfield code='a'>DS135.S75</subfield><subfield code='b'>Z3725 2008</subfield></datafield><datafield ind1='1' ind2=' ' tag='100'><subfield code='a'>Abrera, Anna Ysabel d&apos;.</subfield></datafield><datafield ind1='1' ind2='4' tag='245'><subfield code='a'>The tribunal of Zaragoza and Crypto-Judaism, 1484-1515 /</subfield><subfield code='c'>by Anna Ysabel d&apos;Abrera.</subfield></datafield><datafield ind1=' ' ind2=' ' tag='260'><subfield code='a'>Turnhout, Belgium :</subfield><subfield code='b'>Brepols,</subfield><subfield code='c'>c2008.</subfield></datafield><datafield ind1=' ' ind2=' ' tag='300'><subfield code='a'>vi, 240 p. :</subfield><subfield code='b'>map ;</subfield><subfield code='c'>25 cm.</subfield></datafield><datafield ind1='1' ind2=' ' tag='490'><subfield code='a'>Europa sacra ;</subfield><subfield code='v'>v. 3</subfield></datafield><datafield ind1=' ' ind2=' ' tag='504'><subfield code='a'>Includes bibliographical references (p. [229]-235) and index.</subfield></datafield><datafield ind1=' ' ind2='0' tag='650'><subfield code='a'>Marranos</subfield><subfield code='z'>Spain</subfield><subfield code='z'>Zaragoza.</subfield></datafield><datafield ind1=' ' ind2='0' tag='650'><subfield code='a'>Inquisition</subfield><subfield code='z'>Spain</subfield><subfield code='z'>Zaragoza.</subfield></datafield><datafield ind1=' ' ind2='0' tag='650'><subfield code='a'>Jews</subfield><subfield code='x'>Persecutions</subfield><subfield code='z'>Spain</subfield><subfield code='z'>Zaragoza.</subfield></datafield><datafield ind1=' ' ind2='0' tag='651'><subfield code='a'>Zaragoza (Spain)</subfield><subfield code='x'>Religion.</subfield></datafield><datafield ind1=' ' ind2='0' tag='651'><subfield code='a'>Zaragoza (Spain)</subfield><subfield code='x'>Ethnic relations.</subfield></datafield><datafield ind1=' ' ind2='0' tag='830'><subfield code='a'>Europa sacra ;</subfield><subfield code='v'>v. 3.</subfield></datafield><datafield ind1=' ' ind2=' ' tag='901'><subfield code='a'>BNA</subfield></datafield><datafield ind1=' ' ind2=' ' tag='901'><subfield code='a'>R8703865</subfield></datafield><datafield ind1=' ' ind2=' ' tag='902'><subfield code='a'>110512</subfield></datafield><datafield ind1=' ' ind2=' ' tag='902'><subfield code='a'>090408AF7001</subfield></datafield><datafield ind1='0' ind2='0' tag='905'><subfield code='a'>Europa sacra</subfield><subfield code='v'>3.</subfield></datafield><datafield ind1=' ' ind2=' ' tag='907'><subfield code='a'>.b38065472</subfield><subfield code='b'>p    </subfield><subfield code='c'>-</subfield></datafield><datafield ind1=' ' ind2=' ' tag='945'><subfield code='l'>pstk </subfield><subfield code='g'>1</subfield></datafield><datafield ind1=' ' ind2=' ' tag='979'><subfield code='a'>ocn212432286</subfield></datafield><datafield ind1=' ' ind2=' ' tag='998'><subfield code='b'>1</subfield><subfield code='c'>090429</subfield><subfield code='d'>m</subfield><subfield code='e'>a</subfield><subfield code='f'>-</subfield><subfield code='g'>4</subfield></datafield><datafield ind1=' ' ind2=' ' tag='998'><subfield code='b'>1</subfield><subfield code='c'>090429</subfield><subfield code='d'>m</subfield><subfield code='e'>a</subfield><subfield code='f'>-</subfield><subfield code='g'>4</subfield></datafield><datafield ind1=' ' ind2=' ' tag='ADM'><subfield code='b'>2017-08-25 23:53:33</subfield><subfield code='e'>b38065472-01tuli_inst</subfield><subfield code='d'>ILS</subfield><subfield code='a'>2017-06-20 13:54:58</subfield><subfield code='c'>false</subfield></datafield><datafield ind1='0' ind2=' ' tag='HLD'><subfield code='b'>MAIN</subfield><subfield code='c'>stacks</subfield><subfield code='h'>DS135.S75</subfield><subfield code='i'>Z3725 2008</subfield><subfield code='8'>22328020830003811</subfield></datafield><datafield ind1=' ' ind2=' ' tag='ITM'><subfield code='r'>22328020830003811</subfield><subfield code='b'>1</subfield><subfield code='h'>0</subfield><subfield code='g'>stacks</subfield><subfield code='t'>BOOK</subfield><subfield code='9'>39074025382680</subfield><subfield code='e'>stacks</subfield><subfield code='8'>23328020810003811</subfield><subfield code='a'>0</subfield><subfield code='q'>2017-06-20 13:54:58</subfield><subfield code='i'>DS135.S75 Z3725 2008</subfield><subfield code='d'>MAIN</subfield><subfield code='f'>MAIN</subfield></datafield></record>