
  <record xmlns='http://www.loc.gov/MARC21/slim'><leader>01556pam a2200457 a 4500</leader><controlfield tag='005'>20170826000928.0</controlfield><controlfield tag='008'>071016s2008    oncaf    b    001 0 eng  </controlfield><controlfield tag='001'>991030161889703811</controlfield><datafield ind1=' ' ind2=' ' tag='020'><subfield code='a'>9780802090621 (bound)</subfield></datafield><datafield ind1=' ' ind2=' ' tag='020'><subfield code='a'>0802090621 (bound)</subfield></datafield><datafield ind1=' ' ind2=' ' tag='020'><subfield code='a'>9780802093868 (pbk.)</subfield></datafield><datafield ind1=' ' ind2=' ' tag='020'><subfield code='a'>0802093868 (pbk.)</subfield></datafield><datafield ind1=' ' ind2=' ' tag='035'><subfield code='a'>(PPT)b35492557-01tuli_inst</subfield></datafield><datafield ind1=' ' ind2=' ' tag='035'><subfield code='a'>(OCoLC)ocn492446523</subfield><subfield code='9'>ExL</subfield></datafield><datafield ind1=' ' ind2=' ' tag='035'><subfield code='a'>(OCoLC)175282730</subfield></datafield><datafield ind1=' ' ind2=' ' tag='035'><subfield code='a'>ocn175282730</subfield></datafield><datafield ind1=' ' ind2=' ' tag='035'><subfield code='a'>(OCLC)ocn175282730</subfield></datafield><datafield ind1=' ' ind2=' ' tag='040'><subfield code='a'>NLC</subfield><subfield code='b'>eng</subfield><subfield code='c'>NLC</subfield><subfield code='d'>BAKER</subfield><subfield code='d'>YDXCP</subfield><subfield code='d'>C#P</subfield></datafield><datafield ind1=' ' ind2=' ' tag='043'><subfield code='a'>n-cn---</subfield></datafield><datafield ind1=' ' ind2=' ' tag='079'><subfield code='a'>ocn175282730</subfield></datafield><datafield ind1=' ' ind2=' ' tag='090'><subfield code='a'>F1035.J5</subfield><subfield code='b'>T85 2008</subfield></datafield><datafield ind1='1' ind2=' ' tag='100'><subfield code='a'>Tulchinsky, Gerald J. J.,</subfield><subfield code='d'>1933-</subfield></datafield><datafield ind1='1' ind2='0' tag='245'><subfield code='a'>Canada&apos;s Jews :</subfield><subfield code='b'>a people&apos;s journey /</subfield><subfield code='c'>Gerald Tulchinsky.</subfield></datafield><datafield ind1=' ' ind2=' ' tag='260'><subfield code='a'>Toronto ;</subfield><subfield code='a'>Buffalo :</subfield><subfield code='b'>University of Toronto Press,</subfield><subfield code='c'>c2008.</subfield></datafield><datafield ind1=' ' ind2=' ' tag='300'><subfield code='a'>xii, 630 p., [20] p. of plates :</subfield><subfield code='b'>ill. ;</subfield><subfield code='c'>23 cm.</subfield></datafield><datafield ind1=' ' ind2=' ' tag='500'><subfield code='a'>Based on the author&apos;s two books, Taking root and Branching out.</subfield></datafield><datafield ind1=' ' ind2=' ' tag='504'><subfield code='a'>Includes bibliographical references (p. [599]-606) and index.</subfield></datafield><datafield ind1=' ' ind2='0' tag='650'><subfield code='a'>Jews</subfield><subfield code='z'>Canada</subfield><subfield code='x'>History.</subfield></datafield><datafield ind1=' ' ind2='0' tag='651'><subfield code='a'>Canada</subfield><subfield code='x'>Emigration and immigration</subfield><subfield code='x'>History.</subfield></datafield><datafield ind1=' ' ind2='0' tag='651'><subfield code='a'>Canada</subfield><subfield code='x'>Ethnic relations.</subfield></datafield><datafield ind1='1' ind2=' ' tag='700'><subfield code='a'>Tulchinsky, Gerald J. J.,</subfield><subfield code='d'>1933-</subfield><subfield code='t'>Taking root.</subfield></datafield><datafield ind1='1' ind2=' ' tag='700'><subfield code='a'>Tulchinsky, Gerald J. J.,</subfield><subfield code='d'>1933-</subfield><subfield code='t'>Branching out.</subfield></datafield><datafield ind1=' ' ind2=' ' tag='901'><subfield code='a'>BNA</subfield></datafield><datafield ind1=' ' ind2=' ' tag='901'><subfield code='a'>R1714717</subfield></datafield><datafield ind1=' ' ind2=' ' tag='902'><subfield code='a'>120514</subfield></datafield><datafield ind1=' ' ind2=' ' tag='902'><subfield code='a'>080730AB0701</subfield></datafield><datafield ind1=' ' ind2=' ' tag='907'><subfield code='a'>.b35492557</subfield><subfield code='b'>p    </subfield><subfield code='c'>-</subfield></datafield><datafield ind1=' ' ind2=' ' tag='945'><subfield code='l'>pstk </subfield><subfield code='g'>1</subfield></datafield><datafield ind1=' ' ind2=' ' tag='979'><subfield code='a'>ocn175282730</subfield></datafield><datafield ind1=' ' ind2=' ' tag='998'><subfield code='b'>1</subfield><subfield code='c'>080814</subfield><subfield code='d'>m</subfield><subfield code='e'>a</subfield><subfield code='f'>-</subfield><subfield code='g'>0</subfield></datafield><datafield ind1=' ' ind2=' ' tag='998'><subfield code='b'>1</subfield><subfield code='c'>080814</subfield><subfield code='d'>m</subfield><subfield code='e'>a</subfield><subfield code='f'>-</subfield><subfield code='g'>0</subfield></datafield><datafield ind1=' ' ind2=' ' tag='ADM'><subfield code='b'>2017-08-26 04:09:28</subfield><subfield code='e'>b35492557-01tuli_inst</subfield><subfield code='d'>ILS</subfield><subfield code='a'>2017-06-20 10:45:59</subfield><subfield code='c'>false</subfield></datafield><datafield ind1='0' ind2=' ' tag='HLD'><subfield code='b'>MAIN</subfield><subfield code='c'>stacks</subfield><subfield code='h'>F1035.J5</subfield><subfield code='i'>T85 2008</subfield><subfield code='8'>22305938590003811</subfield></datafield><datafield ind1=' ' ind2=' ' tag='ITM'><subfield code='r'>22305938590003811</subfield><subfield code='b'>1</subfield><subfield code='h'>0</subfield><subfield code='g'>stacks</subfield><subfield code='t'>BOOK</subfield><subfield code='9'>39074025530379</subfield><subfield code='e'>stacks</subfield><subfield code='8'>23305938580003811</subfield><subfield code='a'>0</subfield><subfield code='q'>2017-06-20 10:45:59</subfield><subfield code='i'>F1035.J5 T85 2008</subfield><subfield code='d'>MAIN</subfield><subfield code='f'>MAIN</subfield></datafield></record>