
  <record xmlns='http://www.loc.gov/MARC21/slim'><leader>01586nam  2200385 i 4500</leader><controlfield tag='001'>991036746759003811</controlfield><controlfield tag='005'>20170924221906.0</controlfield><controlfield tag='006'>m     o  d |      </controlfield><controlfield tag='007'>cr -n---------</controlfield><controlfield tag='008'>131007s2013    maua    ob    001 0 eng d</controlfield><datafield ind1=' ' ind2=' ' tag='020'><subfield code='a'>1-61811-027-6</subfield></datafield><datafield ind1=' ' ind2=' ' tag='035'><subfield code='a'>(CKB)2670000000422033</subfield></datafield><datafield ind1=' ' ind2=' ' tag='035'><subfield code='a'>(EBL)3110523</subfield></datafield><datafield ind1=' ' ind2=' ' tag='035'><subfield code='a'>(SSID)ssj0001062023</subfield></datafield><datafield ind1=' ' ind2=' ' tag='035'><subfield code='a'>(PQKBManifestationID)11598790</subfield></datafield><datafield ind1=' ' ind2=' ' tag='035'><subfield code='a'>(PQKBTitleCode)TC0001062023</subfield></datafield><datafield ind1=' ' ind2=' ' tag='035'><subfield code='a'>(PQKBWorkID)11138067</subfield></datafield><datafield ind1=' ' ind2=' ' tag='035'><subfield code='a'>(PQKB)10479327</subfield></datafield><datafield ind1=' ' ind2=' ' tag='035'><subfield code='a'>(MiAaPQ)EBC3110523</subfield></datafield><datafield ind1=' ' ind2=' ' tag='035'><subfield code='a'>(EXLCZ)992670000000422033</subfield></datafield><datafield ind1=' ' ind2=' ' tag='040'><subfield code='a'>MiAaPQ</subfield><subfield code='b'>eng</subfield><subfield code='e'>rda</subfield><subfield code='e'>pn</subfield><subfield code='c'>MiAaPQ</subfield><subfield code='d'>MiAaPQ</subfield></datafield><datafield ind1=' ' ind2=' ' tag='041'><subfield code='a'>eng</subfield></datafield><datafield ind1=' ' ind2=' ' tag='043'><subfield code='a'>n-cn---</subfield></datafield><datafield ind1=' ' ind2='4' tag='050'><subfield code='a'>F1035.J5</subfield><subfield code='b'>.C363 2013</subfield></datafield><datafield ind1='0' ind2='0' tag='082'><subfield code='a'>305.8924</subfield></datafield><datafield ind1='1' ind2=' ' tag='100'><subfield code='a'>Robinson, Ira.</subfield></datafield><datafield ind1='0' ind2='0' tag='245'><subfield code='a'>Canada&apos;s Jews :</subfield><subfield code='b'>in time, space and spirit /</subfield><subfield code='c'>edited by Ira Robinson.</subfield></datafield><datafield ind1=' ' ind2=' ' tag='250'><subfield code='a'>First edition.</subfield></datafield><datafield ind1=' ' ind2='1' tag='264'><subfield code='a'>Brighton, Massachussetts :</subfield><subfield code='b'>Academic Studies Press,</subfield><subfield code='c'>2013.</subfield></datafield><datafield ind1=' ' ind2='4' tag='264'><subfield code='c'>©2013</subfield></datafield><datafield ind1=' ' ind2=' ' tag='300'><subfield code='a'>1 online resource (500 p.)</subfield></datafield><datafield ind1=' ' ind2=' ' tag='336'><subfield code='a'>text</subfield><subfield code='b'>txt</subfield></datafield><datafield ind1=' ' ind2=' ' tag='337'><subfield code='a'>computer</subfield><subfield code='b'>c</subfield></datafield><datafield ind1=' ' ind2=' ' tag='338'><subfield code='a'>online resource</subfield><subfield code='b'>cr</subfield></datafield><datafield ind1=' ' ind2='0' tag='440'><subfield code='a'>Jews in space and time</subfield></datafield><datafield ind1='1' ind2=' ' tag='490'><subfield code='a'>Jews in Space and Time</subfield></datafield><datafield ind1=' ' ind2=' ' tag='500'><subfield code='a'>Description based upon print version of record.</subfield></datafield><datafield ind1='0' ind2=' ' tag='505'><subfield code='a'>&quot;&quot;Front &quot;&quot;; &quot;&quot;Contents&quot;&quot;; &quot;&quot;Preface&quot;&quot;; &quot;&quot;Section I&quot;&quot;; &quot;&quot;I Jews and New France&quot;&quot;; &quot;&quot;II Struggles and Successes: The Beginnings of Jewish Life in Canada in the Eighteenth Century&quot;&quot;; &quot;&quot;III The Golden Century?: Jews in Nineteenth-Century British North America&quot;&quot;; &quot;&quot;IV East European Jewish Migration and its Impact: Farming Colonies across Canada&quot;&quot;; &quot;&quot;V Communities and Conflicts: East European Jewish Immigrants in Ontario and Quebec From the Late 1800s through the 1930s&quot;&quot;; &quot;&quot;VI In Search of Unity: Antisemitism, Zionism, and the Canadian Jewish Congress to 1945&quot;&quot;; &quot;&quot;VII Post-War Canadian Jewry&quot;&quot;</subfield></datafield><datafield ind1='8' ind2=' ' tag='505'><subfield code='a'>&quot;&quot;Robinson-Section_2 (2)&quot;&quot;&quot;&quot;VIII The Jews of Canada: A Demographic Profile&quot;&quot;; &quot;&quot;IX The Politics of the Contemporary Jewish Community&quot;&quot;; &quot;&quot;X Atlantic Canada&quot;&quot;; &quot;&quot;XI Jewish Life in Montreal&quot;&quot;; &quot;&quot;XII Sephardi Jews in Montreal&quot;&quot;; &quot;&quot;XIII Steps Forward and Steps Backward: Toronto Jewry at the Beginning of the Second Decade of the Twenty-First Century&quot;&quot;; &quot;&quot;XIV Jewish Life in Ontario Outside of the Metropolis1&quot;&quot;; &quot;&quot;XV Winnipeg&quot;&quot;; &quot;&quot;XVI Saskatchewan, Alberta, and the North&quot;&quot;; &quot;&quot;XVII Vancouver&quot;&quot;; &quot;&quot;Robinson-Section_3&quot;&quot;; &quot;&quot;XVIII Orthodox Judaism&quot;&quot;; &quot;&quot;XIX Hasidim in Canada&quot;&quot;</subfield></datafield><datafield ind1='8' ind2=' ' tag='505'><subfield code='a'>&quot;&quot;XX Reform Judaism in Canada&quot;&quot;&quot;&quot;XXI Conservative Judaism, and its Challengers From the Left (Reconstructionism and Renewal) and Right&quot;&quot;; &quot;&quot;XXII Yiddish&quot;&quot;; &quot;&quot;XXIII Scrolls, Scrapbooks, and Solitudes: An Overview of Jewish Canadian Literature&quot;&quot;; &quot;&quot;XXIV Jews and Jewishness in French Literature&quot;&quot;; &quot;&quot;XXV Jews and Canadian Art&quot;&quot;; &quot;&quot;XXVI Canadian Jewish Studies since 1999: The State of the Field&quot;&quot;; &quot;&quot;General Bibliography&quot;&quot;; &quot;&quot;Glossary&quot;&quot;; &quot;&quot;Contributors&quot;&quot;; &quot;&quot;Index&quot;&quot;</subfield></datafield><datafield ind1=' ' ind2=' ' tag='546'><subfield code='a'>English</subfield></datafield><datafield ind1=' ' ind2=' ' tag='504'><subfield code='a'>Includes bibliographical references and index.</subfield></datafield><datafield ind1=' ' ind2=' ' tag='588'><subfield code='a'>Description based on online resource; title from PDF title page (ebrary, viewed October 04, 2013).</subfield></datafield><datafield ind1=' ' ind2='0' tag='650'><subfield code='a'>Jews</subfield><subfield code='z'>Canada</subfield><subfield code='x'>History.</subfield></datafield><datafield ind1=' ' ind2='0' tag='650'><subfield code='a'>Jews</subfield><subfield code='z'>Canada</subfield><subfield code='x'>Identity.</subfield></datafield><datafield ind1=' ' ind2='0' tag='650'><subfield code='a'>Jews</subfield><subfield code='z'>Canada</subfield><subfield code='x'>Intellectual life.</subfield></datafield><datafield ind1=' ' ind2='4' tag='655'><subfield code='a'>Electronic books.</subfield></datafield><datafield ind1=' ' ind2=' ' tag='776'><subfield code='z'>1-934843-86-5</subfield></datafield><datafield ind1='1' ind2=' ' tag='700'><subfield code='a'>Robinson, Ira.</subfield></datafield><datafield ind1=' ' ind2='0' tag='830'><subfield code='a'>Jews in Space and Time</subfield></datafield><datafield ind1=' ' ind2=' ' tag='906'><subfield code='a'>BOOK</subfield></datafield><datafield ind1=' ' ind2=' ' tag='PRT'><subfield code='a'>53394608750003811</subfield><subfield code='b'>https://sandbox01-na.alma.exlibrisgroup.com/view/uresolver/01TULI_INST/openurl?u.ignore_date_coverage=true&amp;rft.mms_id=991036746759003811</subfield><subfield code='e'>EBSCOhost</subfield><subfield code='c'>EBSCOhost Academic eBook Collection (North America)</subfield><subfield code='h'>613640000000000029</subfield><subfield code='8'>53394608750003811</subfield></datafield><datafield ind1=' ' ind2=' ' tag='PRT'><subfield code='a'>53402906140003811</subfield><subfield code='b'>https://sandbox01-na.alma.exlibrisgroup.com/view/uresolver/01TULI_INST/openurl?u.ignore_date_coverage=true&amp;rft.mms_id=991036746759003811</subfield><subfield code='e'>EBSCOhost</subfield><subfield code='c'>EBSCOhost eBook Community College Collection</subfield><subfield code='h'>613860000000000003</subfield><subfield code='8'>53402906140003811</subfield></datafield><datafield ind1=' ' ind2=' ' tag='PRT'><subfield code='a'>53421140890003811</subfield><subfield code='b'>https://sandbox01-na.alma.exlibrisgroup.com/view/uresolver/01TULI_INST/openurl?u.ignore_date_coverage=true&amp;rft.mms_id=991036746759003811</subfield><subfield code='e'>Ebook Central</subfield><subfield code='c'>Ebook Central Academic Complete</subfield><subfield code='h'>614200000000000002</subfield><subfield code='8'>53421140890003811</subfield></datafield><datafield ind1=' ' ind2=' ' tag='PRT'><subfield code='a'>53406635520003811</subfield><subfield code='b'>https://sandbox01-na.alma.exlibrisgroup.com/view/uresolver/01TULI_INST/openurl?u.ignore_date_coverage=true&amp;rft.mms_id=991036746759003811</subfield><subfield code='e'>EBSCOhost</subfield><subfield code='c'>eBook Religion Collection</subfield><subfield code='h'>613790000000001583</subfield><subfield code='8'>53406635520003811</subfield></datafield></record>