
  <record xmlns='http://www.loc.gov/MARC21/slim'><leader>01592cam a22004694a 4500</leader><controlfield tag='005'>20180315155629.0</controlfield><controlfield tag='008'>031212s2004    nju      b    001 0 eng  </controlfield><controlfield tag='001'>991001783289703811</controlfield><datafield ind1=' ' ind2=' ' tag='010'><subfield code='a'>2003070289</subfield></datafield><datafield ind1=' ' ind2=' ' tag='020'><subfield code='a'>0765802120 (alk. paper)</subfield></datafield><datafield ind1=' ' ind2=' ' tag='035'><subfield code='a'>(PPT)b27423463-01tuli_inst</subfield></datafield><datafield ind1=' ' ind2=' ' tag='035'><subfield code='a'>(DLC)ocn490394008</subfield><subfield code='9'>ExL</subfield></datafield><datafield ind1=' ' ind2=' ' tag='035'><subfield code='a'>DLC  2003070289</subfield></datafield><datafield ind1=' ' ind2=' ' tag='035'><subfield code='a'>ocm54001562</subfield></datafield><datafield ind1=' ' ind2=' ' tag='035'><subfield code='a'>(OCLC)ocm54001562</subfield></datafield><datafield ind1=' ' ind2=' ' tag='040'><subfield code='a'>DLC</subfield><subfield code='c'>DLC</subfield><subfield code='d'>DLC</subfield></datafield><datafield ind1=' ' ind2=' ' tag='042'><subfield code='a'>pcc</subfield></datafield><datafield ind1=' ' ind2=' ' tag='079'><subfield code='a'>ocm54001562</subfield></datafield><datafield ind1=' ' ind2=' ' tag='090'><subfield code='a'>DS112</subfield><subfield code='b'>.C27 2004</subfield></datafield><datafield ind1='1' ind2=' ' tag='100'><subfield code='a'>Cahnman, Werner J.</subfield><subfield code='q'>(Werner Jacob),</subfield><subfield code='d'>1902-1980</subfield></datafield><datafield ind1='1' ind2='0' tag='245'><subfield code='a'>Jews &amp; gentiles :</subfield><subfield code='b'>a historical sociology of their relations /</subfield><subfield code='c'>Werner J. Cahnman ; edited by Judith T. Marcus and Zoltan Tarr.</subfield></datafield><datafield ind1='3' ind2=' ' tag='246'><subfield code='a'>Jews and gentiles</subfield></datafield><datafield ind1=' ' ind2=' ' tag='260'><subfield code='a'>New Brunswick, NJ :</subfield><subfield code='b'>Transaction Publishers,</subfield><subfield code='c'>c2004.</subfield></datafield><datafield ind1=' ' ind2=' ' tag='300'><subfield code='a'>xvi, 253 p. ;</subfield><subfield code='c'>24 cm.</subfield></datafield><datafield ind1=' ' ind2=' ' tag='504'><subfield code='a'>Includes bibliographical references (p. 225-250) and index.</subfield></datafield><datafield ind1=' ' ind2='0' tag='650'><subfield code='a'>Jews</subfield><subfield code='x'>Social conditions.</subfield></datafield><datafield ind1=' ' ind2='0' tag='650'><subfield code='a'>Gentiles</subfield><subfield code='x'>History.</subfield></datafield><datafield ind1=' ' ind2='0' tag='650'><subfield code='a'>Jews</subfield><subfield code='x'>Relations</subfield><subfield code='x'>Christianity.</subfield></datafield><datafield ind1=' ' ind2='0' tag='650'><subfield code='a'>Christianity and other religions</subfield><subfield code='x'>Judaism.</subfield></datafield><datafield ind1=' ' ind2='0' tag='650'><subfield code='a'>Jews</subfield><subfield code='x'>History</subfield><subfield code='y'>70-</subfield></datafield><datafield ind1=' ' ind2='0' tag='650'><subfield code='a'>Antisemitism</subfield><subfield code='x'>History.</subfield></datafield><datafield ind1='1' ind2=' ' tag='700'><subfield code='a'>Marcus, Judith,</subfield><subfield code='d'>1929-</subfield></datafield><datafield ind1='1' ind2=' ' tag='700'><subfield code='a'>Tarr, Zoltán,</subfield><subfield code='d'>1929-</subfield></datafield><datafield ind1='4' ind2='1' tag='856'><subfield code='z'>Access Table of contents.</subfield><subfield code='u'>http://www.loc.gov/catdir/toc/fy045/2003070289.html</subfield></datafield><datafield ind1=' ' ind2=' ' tag='901'><subfield code='a'>BNA</subfield></datafield><datafield ind1=' ' ind2=' ' tag='901'><subfield code='a'>R0445188</subfield></datafield><datafield ind1=' ' ind2=' ' tag='902'><subfield code='a'>040807AB0701</subfield></datafield><datafield ind1=' ' ind2=' ' tag='907'><subfield code='a'>.b27423463</subfield><subfield code='b'>p    </subfield><subfield code='c'>-</subfield></datafield><datafield ind1=' ' ind2=' ' tag='945'><subfield code='l'>pstk </subfield><subfield code='g'>1</subfield></datafield><datafield ind1=' ' ind2=' ' tag='979'><subfield code='a'>ocm54001562</subfield></datafield><datafield ind1=' ' ind2=' ' tag='998'><subfield code='b'>1</subfield><subfield code='c'>040909</subfield><subfield code='d'>m</subfield><subfield code='e'>a</subfield><subfield code='f'>-</subfield><subfield code='g'>0</subfield></datafield><datafield ind1=' ' ind2=' ' tag='998'><subfield code='b'>1</subfield><subfield code='c'>040909</subfield><subfield code='d'>m</subfield><subfield code='e'>a</subfield><subfield code='f'>-</subfield><subfield code='g'>0</subfield></datafield><datafield ind1=' ' ind2=' ' tag='ADM'><subfield code='b'>2018-03-31 07:26:35</subfield><subfield code='e'>b27423463-01tuli_inst</subfield><subfield code='d'>ILS</subfield><subfield code='a'>2017-06-20 09:30:35</subfield><subfield code='c'>false</subfield></datafield><datafield ind1='0' ind2=' ' tag='HLD'><subfield code='b'>MAIN</subfield><subfield code='c'>stacks</subfield><subfield code='h'>DS112</subfield><subfield code='i'>.C27 2004</subfield><subfield code='8'>22294558580003811</subfield></datafield><datafield ind1=' ' ind2=' ' tag='ITM'><subfield code='r'>22294558580003811</subfield><subfield code='b'>1</subfield><subfield code='h'>0</subfield><subfield code='g'>stacks</subfield><subfield code='t'>BOOK</subfield><subfield code='9'>39074016759862</subfield><subfield code='e'>stacks</subfield><subfield code='8'>23294558570003811</subfield><subfield code='a'>0</subfield><subfield code='q'>2017-06-20 09:30:35</subfield><subfield code='i'>DS112 .C27 2004</subfield><subfield code='d'>MAIN</subfield><subfield code='f'>MAIN</subfield></datafield></record>