
  <record xmlns='http://www.loc.gov/MARC21/slim'><leader>01594cam a2200469 a 4500</leader><controlfield tag='005'>20170825164843.0</controlfield><controlfield tag='008'>950224s1995    paua     b    001 0 eng  </controlfield><controlfield tag='001'>991033572439703811</controlfield><datafield ind1=' ' ind2=' ' tag='010'><subfield code='a'>94031741</subfield></datafield><datafield ind1=' ' ind2=' ' tag='020'><subfield code='a'>1566392489 (alk. paper)</subfield></datafield><datafield ind1=' ' ind2=' ' tag='020'><subfield code='a'>1566392497 (pbk. : alk. paper)</subfield></datafield><datafield ind1=' ' ind2=' ' tag='035'><subfield code='a'>(PPT)b16892501-01tuli_inst</subfield></datafield><datafield ind1=' ' ind2=' ' tag='035'><subfield code='a'>(CStRLIN)ocn476994308</subfield><subfield code='9'>ExL</subfield></datafield><datafield ind1=' ' ind2=' ' tag='035'><subfield code='a'>PATG95-B10035</subfield></datafield><datafield ind1=' ' ind2=' ' tag='035'><subfield code='a'>ocm30973273</subfield></datafield><datafield ind1=' ' ind2=' ' tag='035'><subfield code='a'>(OCLC)ocm30973273</subfield></datafield><datafield ind1=' ' ind2=' ' tag='040'><subfield code='a'>DLC</subfield><subfield code='c'>DLC</subfield><subfield code='d'>DLC</subfield></datafield><datafield ind1=' ' ind2=' ' tag='079'><subfield code='a'>ocm30973273</subfield></datafield><datafield ind1=' ' ind2=' ' tag='090'><subfield code='a'>B3363.W54J48 1995</subfield></datafield><datafield ind1='0' ind2='0' tag='245'><subfield code='a'>Jews &amp; gender :</subfield><subfield code='b'>responses to Otto Weininger /</subfield><subfield code='c'>edited by Nancy A. Harrowitz and Barbara Hyams.</subfield></datafield><datafield ind1='1' ind2='3' tag='246'><subfield code='a'>Jews and gender.</subfield></datafield><datafield ind1=' ' ind2=' ' tag='260'><subfield code='a'>Philadelphia :</subfield><subfield code='b'>Temple University Press,</subfield><subfield code='c'>1995.</subfield></datafield><datafield ind1=' ' ind2=' ' tag='300'><subfield code='a'>x, 341 p. :</subfield><subfield code='b'>ill. ;</subfield><subfield code='c'>24 cm.</subfield></datafield><datafield ind1=' ' ind2=' ' tag='504'><subfield code='a'>Includes bibliographical references (p. 305-330) and index.</subfield></datafield><datafield ind1='1' ind2='0' tag='600'><subfield code='a'>Weininger, Otto,</subfield><subfield code='d'>1880-1903.</subfield></datafield><datafield ind1='0' ind2='0' tag='650'><subfield code='a'>Antisemitism.</subfield></datafield><datafield ind1='0' ind2='0' tag='650'><subfield code='a'>Sexism.</subfield></datafield><datafield ind1='1' ind2=' ' tag='700'><subfield code='a'>Harrowitz, Nancy A.</subfield><subfield code='q'>(Nancy Anne),</subfield><subfield code='d'>1952-</subfield></datafield><datafield ind1='1' ind2=' ' tag='700'><subfield code='a'>Hyams, Barbara.</subfield></datafield><datafield ind1='2' ind2=' ' tag='710'><subfield code='a'>Temple University Press,</subfield><subfield code='e'>publisher.</subfield></datafield><datafield ind1=' ' ind2=' ' tag='902'><subfield code='a'>160318</subfield></datafield><datafield ind1=' ' ind2=' ' tag='907'><subfield code='a'>.b16892501</subfield><subfield code='b'>multi</subfield><subfield code='c'>-</subfield></datafield><datafield ind1=' ' ind2=' ' tag='935'><subfield code='a'>00750499</subfield></datafield><datafield ind1=' ' ind2=' ' tag='945'><subfield code='l'>kstk </subfield><subfield code='g'>1</subfield></datafield><datafield ind1=' ' ind2=' ' tag='945'><subfield code='l'>stem </subfield><subfield code='a'>62 1995 J59</subfield><subfield code='g'>1</subfield></datafield><datafield ind1=' ' ind2=' ' tag='950'><subfield code='l'>P</subfield><subfield code='i'>03/15/95 N</subfield><subfield code='h'>02/24/95 N</subfield></datafield><datafield ind1=' ' ind2=' ' tag='950'><subfield code='l'>TEM</subfield><subfield code='b'>62 1995 J59</subfield><subfield code='i'>03/15/95 N  795:SL</subfield></datafield><datafield ind1=' ' ind2=' ' tag='955'><subfield code='l'>P</subfield><subfield code='c'>0</subfield><subfield code='r'>39074010383834</subfield><subfield code='h'>02/24/95 C</subfield></datafield><datafield ind1=' ' ind2=' ' tag='955'><subfield code='l'>TEM</subfield><subfield code='c'>0</subfield><subfield code='r'>39074010383974</subfield><subfield code='i'>03/15/95 C</subfield></datafield><datafield ind1=' ' ind2=' ' tag='979'><subfield code='a'>ocm30973273</subfield></datafield><datafield ind1=' ' ind2=' ' tag='998'><subfield code='b'>2</subfield><subfield code='c'>990101</subfield><subfield code='d'>m</subfield><subfield code='e'>a</subfield><subfield code='f'>-</subfield><subfield code='g'>0</subfield></datafield><datafield ind1=' ' ind2=' ' tag='998'><subfield code='a'>03/15/95</subfield><subfield code='t'>c</subfield><subfield code='s'>9110</subfield><subfield code='l'>PATG</subfield><subfield code='n'>PPT</subfield><subfield code='w'>DCLC9431741B</subfield><subfield code='d'>02/24/95</subfield><subfield code='c'>MJ</subfield><subfield code='b'>VC</subfield><subfield code='i'>950315</subfield><subfield code='h'>950224</subfield></datafield><datafield ind1=' ' ind2=' ' tag='ADM'><subfield code='b'>2018-03-25 07:42:15</subfield><subfield code='e'>b16892501-01tuli_inst</subfield><subfield code='d'>ILS</subfield><subfield code='a'>2017-06-20 07:25:04</subfield><subfield code='c'>false</subfield></datafield><datafield ind1='8' ind2=' ' tag='HLD'><subfield code='b'>SCRC</subfield><subfield code='c'>rarestacks</subfield><subfield code='h'>62 1995 J59</subfield><subfield code='8'>22266127410003811</subfield></datafield><datafield ind1='0' ind2=' ' tag='HLD'><subfield code='b'>KARDON</subfield><subfield code='c'>p_remote</subfield><subfield code='h'>B3363.W54J48 1995</subfield><subfield code='8'>22266127430003811</subfield></datafield><datafield ind1=' ' ind2=' ' tag='ITM'><subfield code='r'>22266127410003811</subfield><subfield code='b'>1</subfield><subfield code='h'>8</subfield><subfield code='g'>rarestacks</subfield><subfield code='t'>BOOK</subfield><subfield code='9'>39074010383974</subfield><subfield code='e'>rarestacks</subfield><subfield code='8'>23266127400003811</subfield><subfield code='a'>4</subfield><subfield code='q'>2017-06-20 07:25:04</subfield><subfield code='i'>62 1995 J59</subfield><subfield code='d'>SCRC</subfield><subfield code='f'>SCRC</subfield></datafield><datafield ind1=' ' ind2=' ' tag='ITM'><subfield code='r'>22266127430003811</subfield><subfield code='b'>1</subfield><subfield code='h'>0</subfield><subfield code='g'>p_remote</subfield><subfield code='t'>BOOK</subfield><subfield code='9'>39074010383834</subfield><subfield code='e'>p_remote</subfield><subfield code='8'>23266127420003811</subfield><subfield code='a'>0</subfield><subfield code='q'>2017-06-20 07:25:04</subfield><subfield code='i'>B3363.W54J48 1995</subfield><subfield code='d'>KARDON</subfield><subfield code='f'>KARDON</subfield></datafield></record>