
  <record xmlns='http://www.loc.gov/MARC21/slim'><leader>01622cam a2200469 a 4500</leader><controlfield tag='005'>20170825235631.0</controlfield><controlfield tag='008'>050808s2005    enk      b    001 0 eng  </controlfield><controlfield tag='001'>991031814589703811</controlfield><datafield ind1=' ' ind2=' ' tag='010'><subfield code='a'>2005280831</subfield></datafield><datafield ind1=' ' ind2=' ' tag='020'><subfield code='a'>0863565042 (pbk.)</subfield></datafield><datafield ind1=' ' ind2=' ' tag='035'><subfield code='a'>(PPT)b36149263-01tuli_inst</subfield></datafield><datafield ind1=' ' ind2=' ' tag='035'><subfield code='a'>(DLC)ocn492496170</subfield><subfield code='9'>ExL</subfield></datafield><datafield ind1=' ' ind2=' ' tag='035'><subfield code='a'>ocm61704879</subfield></datafield><datafield ind1=' ' ind2=' ' tag='035'><subfield code='a'>(OCLC)ocm61704879</subfield></datafield><datafield ind1=' ' ind2=' ' tag='040'><subfield code='a'>DLC</subfield><subfield code='c'>DLC</subfield><subfield code='d'>DLC</subfield></datafield><datafield ind1=' ' ind2=' ' tag='043'><subfield code='a'>a-iq---</subfield><subfield code='a'>a-is---</subfield></datafield><datafield ind1=' ' ind2=' ' tag='079'><subfield code='a'>ocm61704879</subfield></datafield><datafield ind1=' ' ind2=' ' tag='090'><subfield code='a'>DS135.I7</subfield><subfield code='b'>S47 2005</subfield></datafield><datafield ind1='1' ind2=' ' tag='100'><subfield code='a'>Shiblak, Abbas.</subfield></datafield><datafield ind1='0' ind2='0' tag='240'><subfield code='a'>Lure of Zion</subfield></datafield><datafield ind1='1' ind2='0' tag='245'><subfield code='a'>Iraqi Jews :</subfield><subfield code='b'>a history of the mass exodus /</subfield><subfield code='c'>Abbas Shiblak ; preface by Peter Sluglett.</subfield></datafield><datafield ind1=' ' ind2=' ' tag='260'><subfield code='a'>London :</subfield><subfield code='b'>Saqi;</subfield><subfield code='c'>2005.</subfield></datafield><datafield ind1=' ' ind2=' ' tag='300'><subfield code='a'>215 p. ;</subfield><subfield code='c'>21 cm.</subfield></datafield><datafield ind1=' ' ind2=' ' tag='500'><subfield code='a'>&quot;First published as The lure of Zion, London, 1986&quot;--T.p. verso.</subfield></datafield><datafield ind1=' ' ind2=' ' tag='504'><subfield code='a'>Includes bibliographical references (p. 197-213) and index.</subfield></datafield><datafield ind1=' ' ind2='0' tag='650'><subfield code='a'>Jews</subfield><subfield code='z'>Iraq</subfield><subfield code='x'>History</subfield><subfield code='y'>20th century.</subfield></datafield><datafield ind1=' ' ind2='0' tag='650'><subfield code='a'>Zionism</subfield><subfield code='z'>Iraq</subfield><subfield code='x'>History.</subfield></datafield><datafield ind1=' ' ind2='0' tag='650'><subfield code='a'>Jews</subfield><subfield code='z'>Iraq</subfield><subfield code='x'>Migrations.</subfield></datafield><datafield ind1=' ' ind2='0' tag='651'><subfield code='a'>Iraq</subfield><subfield code='x'>Ethnic relations.</subfield></datafield><datafield ind1=' ' ind2='0' tag='651'><subfield code='a'>Iraq</subfield><subfield code='x'>Emigration and immigration.</subfield></datafield><datafield ind1=' ' ind2='0' tag='651'><subfield code='a'>Israel</subfield><subfield code='x'>Emigration and immigration.</subfield></datafield><datafield ind1='4' ind2='2' tag='856'><subfield code='3'>Contributor biographical information</subfield><subfield code='u'>http://www.loc.gov/catdir/enhancements/fy0626/2005280831-b.html</subfield></datafield><datafield ind1='4' ind2='2' tag='856'><subfield code='3'>Publisher description</subfield><subfield code='u'>http://www.loc.gov/catdir/enhancements/fy0626/2005280831-d.html</subfield></datafield><datafield ind1=' ' ind2=' ' tag='901'><subfield code='a'>BNA</subfield></datafield><datafield ind1=' ' ind2=' ' tag='901'><subfield code='a'>R2516985</subfield></datafield><datafield ind1=' ' ind2=' ' tag='902'><subfield code='a'>110512</subfield></datafield><datafield ind1=' ' ind2=' ' tag='902'><subfield code='a'>081022AF7001</subfield></datafield><datafield ind1=' ' ind2=' ' tag='907'><subfield code='a'>.b36149263</subfield><subfield code='b'>p    </subfield><subfield code='c'>-</subfield></datafield><datafield ind1=' ' ind2=' ' tag='945'><subfield code='l'>pstk </subfield><subfield code='g'>1</subfield></datafield><datafield ind1=' ' ind2=' ' tag='979'><subfield code='a'>ocm61704879</subfield></datafield><datafield ind1=' ' ind2=' ' tag='998'><subfield code='b'>1</subfield><subfield code='c'>081106</subfield><subfield code='d'>m</subfield><subfield code='e'>a</subfield><subfield code='f'>-</subfield><subfield code='g'>0</subfield></datafield><datafield ind1=' ' ind2=' ' tag='998'><subfield code='b'>1</subfield><subfield code='c'>081106</subfield><subfield code='d'>m</subfield><subfield code='e'>a</subfield><subfield code='f'>-</subfield><subfield code='g'>0</subfield></datafield><datafield ind1=' ' ind2=' ' tag='ADM'><subfield code='b'>2017-08-26 03:56:31</subfield><subfield code='e'>b36149263-01tuli_inst</subfield><subfield code='d'>ILS</subfield><subfield code='a'>2017-06-20 09:45:51</subfield><subfield code='c'>false</subfield></datafield><datafield ind1='0' ind2=' ' tag='HLD'><subfield code='b'>MAIN</subfield><subfield code='c'>stacks</subfield><subfield code='h'>DS135.I7</subfield><subfield code='i'>S47 2005</subfield><subfield code='8'>22296848510003811</subfield></datafield><datafield ind1=' ' ind2=' ' tag='ITM'><subfield code='r'>22296848510003811</subfield><subfield code='b'>1</subfield><subfield code='h'>0</subfield><subfield code='g'>stacks</subfield><subfield code='t'>BOOK</subfield><subfield code='9'>39074025267055</subfield><subfield code='e'>stacks</subfield><subfield code='8'>23296848490003811</subfield><subfield code='a'>0</subfield><subfield code='q'>2017-06-20 09:45:51</subfield><subfield code='i'>DS135.I7 S47 2005</subfield><subfield code='d'>MAIN</subfield><subfield code='f'>MAIN</subfield></datafield></record>