
  <record xmlns='http://www.loc.gov/MARC21/slim'><leader>01658nam a2200373 a 4500</leader><controlfield tag='008'>141006s1977    iluc          000 0 eng d</controlfield><controlfield tag='005'>20170826003918.0</controlfield><controlfield tag='001'>991003366609703811</controlfield><datafield ind1=' ' ind2=' ' tag='035'><subfield code='a'>(PPT)b56231283-01tuli_inst</subfield></datafield><datafield ind1=' ' ind2=' ' tag='035'><subfield code='a'>ocn881662909</subfield><subfield code='9'>ExL</subfield></datafield><datafield ind1=' ' ind2=' ' tag='035'><subfield code='a'>ocn881661016</subfield></datafield><datafield ind1=' ' ind2=' ' tag='035'><subfield code='a'>(OCLC)ocn881661016</subfield></datafield><datafield ind1=' ' ind2=' ' tag='040'><subfield code='a'>PPT-B</subfield><subfield code='c'>PPT-B</subfield></datafield><datafield ind1=' ' ind2=' ' tag='043'><subfield code='a'>n-us---</subfield><subfield code='a'>f------</subfield></datafield><datafield ind1=' ' ind2=' ' tag='079'><subfield code='a'>ocn881661016</subfield></datafield><datafield ind1=' ' ind2=' ' tag='090'><subfield code='a'>E185.615</subfield><subfield code='b'>.B5423 1977</subfield></datafield><datafield ind1='0' ind2='0' tag='245'><subfield code='a'>Blacks &amp; Jews.  </subfield></datafield><datafield ind1='3' ind2='0' tag='246'><subfield code='a'>Blacks and Jews.</subfield></datafield><datafield ind1=' ' ind2=' ' tag='260'><subfield code='a'>Chicago :</subfield><subfield code='b'>Institute of Positive Education,</subfield><subfield code='c'>1977.</subfield></datafield><datafield ind1=' ' ind2=' ' tag='300'><subfield code='a'>80 p. :</subfield><subfield code='b'>ill., portraits ;</subfield><subfield code='c'>25 cm.</subfield></datafield><datafield ind1='1' ind2=' ' tag='490'><subfield code='a'>Black books bulletin ;</subfield><subfield code='v'>v. 5, no. 4 (Winter 1977)</subfield></datafield><datafield ind1='1' ind2=' ' tag='505'><subfield code='a'>The role of Africa in the rise of Judaism / Doris Darkwah -- Anti-Semitism as weappon and the Jewish mis-use of Blacks in their struggle for power and maximum development / Haki R. Madhubuti -- Some scratches on a time bomb (Israel and South Africa - the unholy alliance against African people / John Henrik Clarke -- BBB interviews Dr. Yosef Ben-Jochannan / Yosef Ben -Jochannan -- Blacks, Jews, and Negro Zionists (a crisis in Negro leadership / William H. Prichard -- BBB interviews Prince Asiel Ben-Israel. </subfield></datafield><datafield ind1=' ' ind2='0' tag='650'><subfield code='a'>African Americans</subfield><subfield code='x'>Relations with Jews.</subfield></datafield><datafield ind1=' ' ind2='0' tag='650'><subfield code='a'>Blacks</subfield><subfield code='x'>Relations with Jews.</subfield></datafield><datafield ind1=' ' ind2='0' tag='650'><subfield code='a'>Jews</subfield><subfield code='z'>Africa</subfield><subfield code='x'>History.</subfield></datafield><datafield ind1=' ' ind2='0' tag='651'><subfield code='a'>United States</subfield><subfield code='x'>Ethnic relations.</subfield></datafield><datafield ind1=' ' ind2='0' tag='651'><subfield code='a'>Africa</subfield><subfield code='x'>Ethnic relations.</subfield></datafield><datafield ind1=' ' ind2='0' tag='830'><subfield code='a'>Black books bulletin ;</subfield><subfield code='v'>v.5, no. 4.</subfield></datafield><datafield ind1=' ' ind2=' ' tag='902'><subfield code='a'>140714</subfield></datafield><datafield ind1=' ' ind2=' ' tag='907'><subfield code='a'>.b56231283</subfield><subfield code='b'>b    </subfield><subfield code='c'>-</subfield></datafield><datafield ind1=' ' ind2=' ' tag='945'><subfield code='l'>b    </subfield><subfield code='g'>1</subfield></datafield><datafield ind1=' ' ind2=' ' tag='979'><subfield code='a'>ocn881661016</subfield></datafield><datafield ind1=' ' ind2=' ' tag='998'><subfield code='b'>0</subfield><subfield code='c'>140610</subfield><subfield code='d'>m</subfield><subfield code='e'>a</subfield><subfield code='f'>-</subfield><subfield code='g'>0</subfield></datafield><datafield ind1=' ' ind2=' ' tag='998'><subfield code='a'>06//10/14</subfield><subfield code='s'>ORIG</subfield><subfield code='c'>AB</subfield></datafield><datafield ind1=' ' ind2=' ' tag='ADM'><subfield code='b'>2017-08-26 04:39:18</subfield><subfield code='e'>b56231283-01tuli_inst</subfield><subfield code='d'>ILS</subfield><subfield code='a'>2017-06-20 06:59:42</subfield><subfield code='c'>false</subfield></datafield><datafield ind1='0' ind2=' ' tag='HLD'><subfield code='b'>BLOCKSON</subfield><subfield code='c'>rarestacks</subfield><subfield code='h'>E185.615</subfield><subfield code='i'>.B5423 1977</subfield><subfield code='8'>22258711790003811</subfield></datafield><datafield ind1=' ' ind2=' ' tag='ITM'><subfield code='r'>22258711790003811</subfield><subfield code='b'>1</subfield><subfield code='h'>0</subfield><subfield code='g'>rarestacks</subfield><subfield code='t'>BOOK</subfield><subfield code='e'>rarestacks</subfield><subfield code='8'>23258711780003811</subfield><subfield code='a'>4</subfield><subfield code='q'>2017-06-20 06:59:42</subfield><subfield code='i'>E185.615 .B5423 1977</subfield><subfield code='d'>BLOCKSON</subfield><subfield code='f'>BLOCKSON</subfield></datafield></record>