
  <record xmlns='http://www.loc.gov/MARC21/slim'><leader>01663pam a22004694a 4500</leader><controlfield tag='005'>20170826031922.0</controlfield><controlfield tag='008'>070507s2007    nmuab    b   s000 0 eng  </controlfield><controlfield tag='001'>991026259129703811</controlfield><datafield ind1=' ' ind2=' ' tag='010'><subfield code='a'>2007019175</subfield></datafield><datafield ind1=' ' ind2=' ' tag='020'><subfield code='a'>9780826342898 (cloth : alk. paper)</subfield></datafield><datafield ind1=' ' ind2=' ' tag='020'><subfield code='a'>0826342892 (cloth : alk. paper)</subfield></datafield><datafield ind1=' ' ind2=' ' tag='035'><subfield code='a'>(PPT)b33283643-01tuli_inst</subfield></datafield><datafield ind1=' ' ind2=' ' tag='035'><subfield code='a'>(OCoLC)ocn492330836</subfield><subfield code='9'>ExL</subfield></datafield><datafield ind1=' ' ind2=' ' tag='035'><subfield code='a'>(OCoLC)124075008</subfield></datafield><datafield ind1=' ' ind2=' ' tag='035'><subfield code='a'>DLCOCN124075008</subfield></datafield><datafield ind1=' ' ind2=' ' tag='035'><subfield code='a'>ocn124075008</subfield></datafield><datafield ind1=' ' ind2=' ' tag='035'><subfield code='a'>(OCLC)ocn124075008</subfield></datafield><datafield ind1=' ' ind2=' ' tag='040'><subfield code='a'>DLC</subfield><subfield code='c'>DLC</subfield><subfield code='d'>BTCTA</subfield><subfield code='d'>BAKER</subfield><subfield code='d'>C#P</subfield></datafield><datafield ind1=' ' ind2=' ' tag='043'><subfield code='a'>n-us-nm</subfield></datafield><datafield ind1=' ' ind2=' ' tag='079'><subfield code='a'>ocn124075008</subfield></datafield><datafield ind1=' ' ind2=' ' tag='090'><subfield code='a'>F805.J4</subfield><subfield code='b'>H47 2007</subfield></datafield><datafield ind1='1' ind2=' ' tag='100'><subfield code='a'>Herz, Cary.</subfield></datafield><datafield ind1='1' ind2='0' tag='245'><subfield code='a'>New Mexico&apos;s Crypto-Jews :</subfield><subfield code='b'>image and memory /</subfield><subfield code='c'>photographs by Cary Herz ; introduction by Ori Z. Soltes ; afterword by Mona Hernandez.</subfield></datafield><datafield ind1=' ' ind2=' ' tag='260'><subfield code='a'>Albuquerque :</subfield><subfield code='b'>University of New Mexico Press,</subfield><subfield code='c'>c2007.</subfield></datafield><datafield ind1=' ' ind2=' ' tag='300'><subfield code='a'>xix, 153, [1] p. :</subfield><subfield code='b'>ill., map ;</subfield><subfield code='c'>24 cm.</subfield></datafield><datafield ind1=' ' ind2=' ' tag='504'><subfield code='a'>Includes bibliographical references (p. 152-[154]).</subfield></datafield><datafield ind1=' ' ind2='0' tag='650'><subfield code='a'>Crypto-Jews</subfield><subfield code='z'>New Mexico</subfield><subfield code='v'>Pictorial works.</subfield></datafield><datafield ind1=' ' ind2='0' tag='650'><subfield code='a'>Jews</subfield><subfield code='z'>New Mexico</subfield><subfield code='v'>Pictorial works.</subfield></datafield><datafield ind1=' ' ind2='0' tag='650'><subfield code='a'>Crypto-Jews</subfield><subfield code='z'>New Mexico</subfield><subfield code='x'>History.</subfield></datafield><datafield ind1=' ' ind2='0' tag='650'><subfield code='a'>Jews</subfield><subfield code='z'>New Mexico</subfield><subfield code='x'>History.</subfield></datafield><datafield ind1=' ' ind2='0' tag='650'><subfield code='a'>Hispanic Americans</subfield><subfield code='z'>New Mexico</subfield><subfield code='v'>Pictorial works.</subfield></datafield><datafield ind1=' ' ind2='0' tag='650'><subfield code='a'>Hispanic Americans</subfield><subfield code='z'>New Mexico</subfield><subfield code='x'>History.</subfield></datafield><datafield ind1='4' ind2='1' tag='856'><subfield code='3'>Table of contents only</subfield><subfield code='u'>http://www.loc.gov/catdir/toc/ecip0717/2007019175.html</subfield></datafield><datafield ind1=' ' ind2=' ' tag='901'><subfield code='a'>BNA</subfield></datafield><datafield ind1=' ' ind2=' ' tag='901'><subfield code='a'>R0689553</subfield></datafield><datafield ind1=' ' ind2=' ' tag='902'><subfield code='a'>160525</subfield></datafield><datafield ind1=' ' ind2=' ' tag='902'><subfield code='a'>080206AB0701</subfield></datafield><datafield ind1=' ' ind2=' ' tag='907'><subfield code='a'>.b33283643</subfield><subfield code='b'>p    </subfield><subfield code='c'>-</subfield></datafield><datafield ind1=' ' ind2=' ' tag='945'><subfield code='l'>pstk </subfield><subfield code='g'>1</subfield></datafield><datafield ind1=' ' ind2=' ' tag='979'><subfield code='a'>ocn124075008</subfield></datafield><datafield ind1=' ' ind2=' ' tag='998'><subfield code='b'>0</subfield><subfield code='c'>080226</subfield><subfield code='d'>m</subfield><subfield code='e'>a</subfield><subfield code='f'>-</subfield><subfield code='g'>0</subfield></datafield><datafield ind1=' ' ind2=' ' tag='998'><subfield code='a'>02/26/08</subfield><subfield code='s'>LC</subfield><subfield code='c'>DG </subfield></datafield><datafield ind1=' ' ind2=' ' tag='ADM'><subfield code='b'>2018-03-15 23:45:42</subfield><subfield code='e'>b33283643-01tuli_inst</subfield><subfield code='d'>ILS</subfield><subfield code='a'>2017-06-20 14:07:05</subfield><subfield code='c'>false</subfield></datafield><datafield ind1='0' ind2=' ' tag='HLD'><subfield code='b'>MAIN</subfield><subfield code='c'>stacks</subfield><subfield code='h'>F805.J4</subfield><subfield code='i'>H47 2007</subfield><subfield code='8'>22329443110003811</subfield></datafield><datafield ind1=' ' ind2=' ' tag='ITM'><subfield code='r'>22329443110003811</subfield><subfield code='b'>1</subfield><subfield code='h'>0</subfield><subfield code='g'>stacks</subfield><subfield code='t'>BOOK</subfield><subfield code='9'>39074023695562</subfield><subfield code='e'>stacks</subfield><subfield code='8'>23329443100003811</subfield><subfield code='a'>0</subfield><subfield code='q'>2017-06-20 14:07:05</subfield><subfield code='i'>F805.J4 H47 2007</subfield><subfield code='d'>MAIN</subfield><subfield code='f'>MAIN</subfield></datafield></record>