
  <record xmlns='http://www.loc.gov/MARC21/slim'><leader>01682pam a22004454a 4500</leader><controlfield tag='005'>20170825204628.0</controlfield><controlfield tag='008'>090106s2009    nyuab    b    001 0 eng  </controlfield><controlfield tag='001'>991034641819703811</controlfield><datafield ind1=' ' ind2=' ' tag='010'><subfield code='a'>2009000331</subfield></datafield><datafield ind1=' ' ind2=' ' tag='020'><subfield code='a'>9780231142182 (cloth : alk. paper)</subfield></datafield><datafield ind1=' ' ind2=' ' tag='020'><subfield code='a'>0231142188 (cloth : alk. paper)</subfield></datafield><datafield ind1=' ' ind2=' ' tag='020'><subfield code='a'>9780231512572 (e-book)</subfield></datafield><datafield ind1=' ' ind2=' ' tag='020'><subfield code='a'>0231512570 (e-book)</subfield></datafield><datafield ind1=' ' ind2=' ' tag='035'><subfield code='a'>(PPT)b3995514x-01tuli_inst</subfield></datafield><datafield ind1=' ' ind2=' ' tag='035'><subfield code='a'>(OCoLC)ocn492909779</subfield><subfield code='9'>ExL</subfield></datafield><datafield ind1=' ' ind2=' ' tag='035'><subfield code='a'>(OCoLC)286516603</subfield></datafield><datafield ind1=' ' ind2=' ' tag='035'><subfield code='a'>ocn286516603</subfield></datafield><datafield ind1=' ' ind2=' ' tag='035'><subfield code='a'>(OCLC)ocn286516603</subfield></datafield><datafield ind1=' ' ind2=' ' tag='040'><subfield code='a'>DLC</subfield><subfield code='c'>DLC</subfield><subfield code='d'>BTCTA</subfield><subfield code='d'>YDXCP</subfield><subfield code='d'>UKM</subfield><subfield code='d'>C#P</subfield></datafield><datafield ind1=' ' ind2=' ' tag='043'><subfield code='a'>n-us-nm</subfield></datafield><datafield ind1=' ' ind2=' ' tag='079'><subfield code='a'>ocn286516603</subfield></datafield><datafield ind1=' ' ind2=' ' tag='090'><subfield code='a'>F805.J4</subfield><subfield code='b'>K86 2009</subfield></datafield><datafield ind1='1' ind2=' ' tag='100'><subfield code='a'>Kunin, Seth Daniel.</subfield></datafield><datafield ind1='1' ind2='0' tag='245'><subfield code='a'>Juggling identities :</subfield><subfield code='b'>identity and authenticity among the Crypto-Jews /</subfield><subfield code='c'>Seth D. Kunin.</subfield></datafield><datafield ind1=' ' ind2=' ' tag='260'><subfield code='a'>New York :</subfield><subfield code='b'>Columbia University Press,</subfield><subfield code='c'>c2009.</subfield></datafield><datafield ind1=' ' ind2=' ' tag='300'><subfield code='a'>viii, 278 p. :</subfield><subfield code='b'>ill., maps ;</subfield><subfield code='c'>24 cm.</subfield></datafield><datafield ind1=' ' ind2=' ' tag='504'><subfield code='a'>Includes bibliographical references and index.</subfield></datafield><datafield ind1='0' ind2=' ' tag='505'><subfield code='a'>Diversity and complexity -- The case against the authenticity of Crypto-Judaism in New Mexico -- The case for the authenticity of Crypto-Judaism in New Mexico -- Ideal types of Crypto-Jewish identity -- Crypto-Jewish practice: memory and bricolage -- A postmodern take on Crypto-Judaism.</subfield></datafield><datafield ind1=' ' ind2='0' tag='650'><subfield code='a'>Crypto-Jews</subfield><subfield code='z'>New Mexico</subfield><subfield code='x'>History.</subfield></datafield><datafield ind1=' ' ind2='0' tag='650'><subfield code='a'>Jews</subfield><subfield code='z'>New Mexico</subfield><subfield code='x'>Identity.</subfield></datafield><datafield ind1=' ' ind2='0' tag='650'><subfield code='a'>Jews</subfield><subfield code='z'>New Mexico</subfield><subfield code='x'>History.</subfield></datafield><datafield ind1=' ' ind2=' ' tag='901'><subfield code='a'>BNA</subfield></datafield><datafield ind1=' ' ind2=' ' tag='901'><subfield code='a'>R7790997</subfield></datafield><datafield ind1=' ' ind2=' ' tag='902'><subfield code='a'>160525</subfield></datafield><datafield ind1=' ' ind2=' ' tag='902'><subfield code='a'>090715AB0701</subfield></datafield><datafield ind1=' ' ind2=' ' tag='907'><subfield code='a'>.b3995514x</subfield><subfield code='b'>p    </subfield><subfield code='c'>-</subfield></datafield><datafield ind1=' ' ind2=' ' tag='945'><subfield code='l'>pstk </subfield><subfield code='g'>1</subfield></datafield><datafield ind1=' ' ind2=' ' tag='979'><subfield code='a'>ocn286516603</subfield></datafield><datafield ind1=' ' ind2=' ' tag='998'><subfield code='b'>1</subfield><subfield code='c'>090721</subfield><subfield code='d'>m</subfield><subfield code='e'>a</subfield><subfield code='f'>-</subfield><subfield code='g'>0</subfield></datafield><datafield ind1=' ' ind2=' ' tag='998'><subfield code='b'>1</subfield><subfield code='c'>090721</subfield><subfield code='d'>m</subfield><subfield code='e'>a</subfield><subfield code='f'>-</subfield><subfield code='g'>0</subfield></datafield><datafield ind1=' ' ind2=' ' tag='ADM'><subfield code='b'>2018-03-16 01:50:52</subfield><subfield code='e'>b3995514x-01tuli_inst</subfield><subfield code='d'>ILS</subfield><subfield code='a'>2017-06-20 06:58:43</subfield><subfield code='c'>false</subfield></datafield><datafield ind1='0' ind2=' ' tag='HLD'><subfield code='b'>MAIN</subfield><subfield code='c'>stacks</subfield><subfield code='h'>F805.J4</subfield><subfield code='i'>K86 2009</subfield><subfield code='8'>22258392280003811</subfield></datafield><datafield ind1=' ' ind2=' ' tag='ITM'><subfield code='r'>22258392280003811</subfield><subfield code='b'>1</subfield><subfield code='h'>0</subfield><subfield code='g'>stacks</subfield><subfield code='t'>BOOK</subfield><subfield code='9'>39074025460833</subfield><subfield code='e'>stacks</subfield><subfield code='8'>23258392250003811</subfield><subfield code='a'>0</subfield><subfield code='q'>2017-06-20 06:58:43</subfield><subfield code='i'>F805.J4 K86 2009</subfield><subfield code='d'>MAIN</subfield><subfield code='f'>MAIN</subfield></datafield></record>