
  <record xmlns='http://www.loc.gov/MARC21/slim'><leader>01715pam a22004574a 4500</leader><controlfield tag='005'>20170826031719.0</controlfield><controlfield tag='008'>060106s2006    iluabf   b   s001 0 eng  </controlfield><controlfield tag='001'>991014028999703811</controlfield><datafield ind1=' ' ind2=' ' tag='010'><subfield code='a'>2006000320</subfield></datafield><datafield ind1=' ' ind2=' ' tag='020'><subfield code='a'>0252073355 (pbk. : alk. paper)</subfield></datafield><datafield ind1=' ' ind2=' ' tag='020'><subfield code='a'>025203094X (cloth : alk. paper)</subfield></datafield><datafield ind1='3' ind2=' ' tag='024'><subfield code='a'>9780252073359</subfield></datafield><datafield ind1='3' ind2=' ' tag='024'><subfield code='a'>9780252030949</subfield></datafield><datafield ind1=' ' ind2=' ' tag='035'><subfield code='a'>(PPT)b30509038-01tuli_inst</subfield></datafield><datafield ind1=' ' ind2=' ' tag='035'><subfield code='a'>(OCoLC)ocn491769010</subfield><subfield code='9'>ExL</subfield></datafield><datafield ind1=' ' ind2=' ' tag='035'><subfield code='a'>DLCOCM62878648</subfield></datafield><datafield ind1=' ' ind2=' ' tag='035'><subfield code='a'>ocm62878648</subfield></datafield><datafield ind1=' ' ind2=' ' tag='035'><subfield code='a'>(OCLC)ocm62878648</subfield></datafield><datafield ind1=' ' ind2=' ' tag='040'><subfield code='a'>DLC</subfield><subfield code='c'>DLC</subfield><subfield code='d'>BAKER</subfield><subfield code='d'>C#P</subfield></datafield><datafield ind1=' ' ind2=' ' tag='042'><subfield code='a'>pcc</subfield></datafield><datafield ind1=' ' ind2=' ' tag='043'><subfield code='a'>n-us-wv</subfield></datafield><datafield ind1=' ' ind2=' ' tag='079'><subfield code='a'>ocm62878648</subfield></datafield><datafield ind1=' ' ind2=' ' tag='090'><subfield code='a'>F250.J5</subfield><subfield code='b'>W45 2006</subfield></datafield><datafield ind1='1' ind2=' ' tag='100'><subfield code='a'>Weiner, Deborah R.</subfield></datafield><datafield ind1='1' ind2='0' tag='245'><subfield code='a'>Coalfield Jews :</subfield><subfield code='b'>an Appalachian history /</subfield><subfield code='c'>Deborah R. Weiner.</subfield></datafield><datafield ind1=' ' ind2=' ' tag='260'><subfield code='a'>Urbana :</subfield><subfield code='b'>University of Illinois Press,</subfield><subfield code='c'>c2006.</subfield></datafield><datafield ind1=' ' ind2=' ' tag='300'><subfield code='a'>viii, 234 p., [16] p. of plates :</subfield><subfield code='b'>ill., map ;</subfield><subfield code='c'>24 cm.</subfield></datafield><datafield ind1=' ' ind2=' ' tag='504'><subfield code='a'>Includes bibliographical references (p. [217]-228) and index.</subfield></datafield><datafield ind1='0' ind2=' ' tag='505'><subfield code='a'>From shtetl to coalfield: the migration of East European Jews to Appalachia -- Middlemen of the coalfields : Jewish economic life -- Jews in the coalfield social scene -- Insiders and outsiders : race, religion, and politics in the coalfields -- Coalfield Jewish communities.</subfield></datafield><datafield ind1=' ' ind2='0' tag='650'><subfield code='a'>Jews</subfield><subfield code='z'>West Virginia</subfield><subfield code='x'>History.</subfield></datafield><datafield ind1=' ' ind2='0' tag='651'><subfield code='a'>West Virginia</subfield><subfield code='x'>Ethnic relations.</subfield></datafield><datafield ind1='4' ind2='1' tag='856'><subfield code='z'>Access Table of Contents.</subfield><subfield code='u'>http://www.loc.gov/catdir/toc/ecip066/2006000320.html</subfield></datafield><datafield ind1=' ' ind2=' ' tag='901'><subfield code='a'>BNA</subfield></datafield><datafield ind1=' ' ind2=' ' tag='901'><subfield code='a'>R9602896</subfield></datafield><datafield ind1=' ' ind2=' ' tag='902'><subfield code='a'>120509</subfield></datafield><datafield ind1=' ' ind2=' ' tag='902'><subfield code='a'>061011AB0701</subfield></datafield><datafield ind1=' ' ind2=' ' tag='907'><subfield code='a'>.b30509038</subfield><subfield code='b'>p    </subfield><subfield code='c'>-</subfield></datafield><datafield ind1=' ' ind2=' ' tag='945'><subfield code='l'>pstk </subfield><subfield code='g'>1</subfield></datafield><datafield ind1=' ' ind2=' ' tag='979'><subfield code='a'>ocm62878648</subfield></datafield><datafield ind1=' ' ind2=' ' tag='998'><subfield code='b'>0</subfield><subfield code='c'>061101</subfield><subfield code='d'>m</subfield><subfield code='e'>a</subfield><subfield code='f'>-</subfield><subfield code='g'>0</subfield></datafield><datafield ind1=' ' ind2=' ' tag='998'><subfield code='b'>0</subfield><subfield code='c'>061101</subfield><subfield code='d'>m</subfield><subfield code='e'>a</subfield><subfield code='f'>-</subfield><subfield code='g'>0</subfield></datafield><datafield ind1=' ' ind2=' ' tag='ADM'><subfield code='b'>2017-08-26 07:17:19</subfield><subfield code='e'>b30509038-01tuli_inst</subfield><subfield code='d'>ILS</subfield><subfield code='a'>2017-06-20 13:10:28</subfield><subfield code='c'>false</subfield></datafield><datafield ind1='0' ind2=' ' tag='HLD'><subfield code='b'>MAIN</subfield><subfield code='c'>stacks</subfield><subfield code='h'>F250.J5</subfield><subfield code='i'>W45 2006</subfield><subfield code='8'>22323161130003811</subfield></datafield><datafield ind1=' ' ind2=' ' tag='ITM'><subfield code='r'>22323161130003811</subfield><subfield code='b'>1</subfield><subfield code='h'>0</subfield><subfield code='g'>stacks</subfield><subfield code='t'>BOOK</subfield><subfield code='9'>39074022197081</subfield><subfield code='e'>stacks</subfield><subfield code='8'>23323161120003811</subfield><subfield code='a'>0</subfield><subfield code='q'>2017-06-20 13:10:28</subfield><subfield code='i'>F250.J5 W45 2006</subfield><subfield code='d'>MAIN</subfield><subfield code='f'>MAIN</subfield></datafield></record>