
  <record xmlns='http://www.loc.gov/MARC21/slim'><leader>01794nam a2200469 a 4500</leader><controlfield tag='005'>20180315215418.0</controlfield><controlfield tag='008'>030828s2002    is ab    b    000 0 eng d</controlfield><controlfield tag='001'>991035582499703811</controlfield><datafield ind1=' ' ind2=' ' tag='010'><subfield code='a'>2003547345</subfield></datafield><datafield ind1=' ' ind2=' ' tag='020'><subfield code='a'>9652783153</subfield></datafield><datafield ind1=' ' ind2=' ' tag='035'><subfield code='a'>(PPT)b26724212-01tuli_inst</subfield></datafield><datafield ind1=' ' ind2=' ' tag='035'><subfield code='a'>(CStRLIN)ocn489512312</subfield><subfield code='9'>ExL</subfield></datafield><datafield ind1=' ' ind2=' ' tag='035'><subfield code='a'>PPTb26724212</subfield></datafield><datafield ind1=' ' ind2=' ' tag='035'><subfield code='a'>ocm52320751</subfield></datafield><datafield ind1=' ' ind2=' ' tag='035'><subfield code='a'>(OCLC)ocm52320751</subfield></datafield><datafield ind1=' ' ind2=' ' tag='040'><subfield code='a'>COO</subfield><subfield code='c'>COO</subfield><subfield code='d'>DLC</subfield><subfield code='d'>CStRLIN</subfield><subfield code='d'>PPT</subfield></datafield><datafield ind1='1' ind2=' ' tag='041'><subfield code='a'>eng</subfield><subfield code='h'>heb</subfield></datafield><datafield ind1=' ' ind2=' ' tag='042'><subfield code='a'>lccopycat</subfield></datafield><datafield ind1=' ' ind2=' ' tag='043'><subfield code='a'>e-urk--</subfield><subfield code='a'>a-aj---</subfield><subfield code='a'>e-ru---</subfield></datafield><datafield ind1=' ' ind2=' ' tag='079'><subfield code='a'>ocm52320751</subfield></datafield><datafield ind1=' ' ind2=' ' tag='090'><subfield code='a'>DS135.A85</subfield><subfield code='b'>Y4413 2002</subfield></datafield><datafield ind1='0' ind2=' ' tag='130'><subfield code='a'>Yehude he-harim.</subfield><subfield code='l'>English.</subfield></datafield><datafield ind1='1' ind2='0' tag='245'><subfield code='a'>Mountain Jews :</subfield><subfield code='b'>customs and daily life in the Caucasus /</subfield><subfield code='c'>edited by Liya Mikdash-Shamailov ; [translation from the Hebrew, Edward Levin].</subfield></datafield><datafield ind1=' ' ind2=' ' tag='260'><subfield code='a'>Jerusalem:</subfield><subfield code='b'>Israel Museum,</subfield><subfield code='c'>c2002.</subfield></datafield><datafield ind1=' ' ind2=' ' tag='300'><subfield code='a'>160 p. :</subfield><subfield code='b'>ill. (some col.), col. map ;</subfield><subfield code='c'>27 cm.</subfield></datafield><datafield ind1=' ' ind2='0' tag='440'><subfield code='a'>Catalog ;</subfield><subfield code='v'>no. 474.</subfield></datafield><datafield ind1=' ' ind2=' ' tag='500'><subfield code='a'>Exhibition catalog.</subfield></datafield><datafield ind1=' ' ind2=' ' tag='504'><subfield code='a'>Includes bibliographical references (p. 158-159).</subfield></datafield><datafield ind1=' ' ind2='0' tag='650'><subfield code='a'>Mountain Jews</subfield><subfield code='x'>Social life and customs</subfield><subfield code='v'>Exhibitions</subfield><subfield code='v'>Catalogs.</subfield></datafield><datafield ind1=' ' ind2='0' tag='650'><subfield code='a'>Jews</subfield><subfield code='z'>Caucasus</subfield><subfield code='x'>Social life and customs</subfield><subfield code='v'>Exhibitions</subfield><subfield code='v'>Catalogs.</subfield></datafield><datafield ind1=' ' ind2='0' tag='650'><subfield code='a'>Jews</subfield><subfield code='z'>Russia</subfield><subfield code='z'>Dagestan</subfield><subfield code='x'>Social life and customs</subfield><subfield code='v'>Exhibitions</subfield><subfield code='v'>Catalogs.</subfield></datafield><datafield ind1=' ' ind2='0' tag='650'><subfield code='a'>Jews</subfield><subfield code='z'>Azerbaijan</subfield><subfield code='x'>Social life and customs</subfield><subfield code='v'>Exhibitions</subfield><subfield code='v'>Catalogs.</subfield></datafield><datafield ind1=' ' ind2='0' tag='651'><subfield code='a'>Caucasus</subfield><subfield code='x'>Ethnic relations.</subfield></datafield><datafield ind1=' ' ind2='0' tag='651'><subfield code='a'>Dagestan (Russia)</subfield><subfield code='x'>Ethnic relations.</subfield></datafield><datafield ind1=' ' ind2='0' tag='651'><subfield code='a'>Azerbaijan</subfield><subfield code='x'>Ethnic relations.</subfield></datafield><datafield ind1='1' ind2=' ' tag='700'><subfield code='a'>Miḳdash-Shemaʻʼilov, Leʼah.</subfield></datafield><datafield ind1='2' ind2=' ' tag='710'><subfield code='a'>Muzeʼon Yiśraʼel (Jerusalem)</subfield></datafield><datafield ind1=' ' ind2=' ' tag='907'><subfield code='a'>.b26724212</subfield><subfield code='b'>p    </subfield><subfield code='c'>-</subfield></datafield><datafield ind1=' ' ind2=' ' tag='945'><subfield code='l'>pstk </subfield><subfield code='g'>1</subfield></datafield><datafield ind1=' ' ind2=' ' tag='979'><subfield code='a'>ocm52320751</subfield></datafield><datafield ind1=' ' ind2=' ' tag='998'><subfield code='b'>2</subfield><subfield code='c'>040304</subfield><subfield code='d'>m</subfield><subfield code='e'>a</subfield><subfield code='f'>-</subfield><subfield code='g'>0</subfield></datafield><datafield ind1=' ' ind2=' ' tag='998'><subfield code='a'>03/04/04</subfield><subfield code='s'>LC</subfield><subfield code='c'>RM</subfield></datafield><datafield ind1='0' ind2=' ' tag='HLD'><subfield code='b'>MAIN</subfield><subfield code='c'>stacks</subfield><subfield code='h'>DS135.A85</subfield><subfield code='i'>Y4413 2002</subfield><subfield code='8'>22335075400003811</subfield></datafield><datafield ind1=' ' ind2=' ' tag='ITM'><subfield code='b'>1</subfield><subfield code='h'>0</subfield><subfield code='g'>stacks</subfield><subfield code='9'>39074030027593</subfield><subfield code='e'>stacks</subfield><subfield code='8'>23335075390003811</subfield><subfield code='a'>0</subfield><subfield code='q'>2017-06-20 14:56:03</subfield><subfield code='i'>DS135.A85 Y4413 2002</subfield><subfield code='d'>MAIN</subfield><subfield code='r'>2017-12-15 20:41:36</subfield><subfield code='f'>MAIN</subfield></datafield></record>