
  <record xmlns='http://www.loc.gov/MARC21/slim'><leader>01803nam a2200433 a 4500</leader><controlfield tag='005'>20170825195408.0</controlfield><controlfield tag='007'>cr unu||||||||                </controlfield><controlfield tag='008'>951023s1995    gw a     b    101 0 eng d</controlfield><controlfield tag='001'>991034394719703811</controlfield><datafield ind1=' ' ind2=' ' tag='020'><subfield code='a'>3540602216</subfield></datafield><datafield ind1=' ' ind2=' ' tag='035'><subfield code='a'>(PPT)b17091615-01tuli_inst</subfield></datafield><datafield ind1=' ' ind2=' ' tag='035'><subfield code='a'>(CStRLIN)ocn477109221</subfield><subfield code='9'>ExL</subfield></datafield><datafield ind1=' ' ind2=' ' tag='035'><subfield code='a'>PATG95-B65182</subfield></datafield><datafield ind1=' ' ind2=' ' tag='035'><subfield code='a'>ocm33251628</subfield></datafield><datafield ind1=' ' ind2=' ' tag='035'><subfield code='a'>(OCLC)ocm33251628</subfield></datafield><datafield ind1=' ' ind2=' ' tag='040'><subfield code='a'>NAlU</subfield><subfield code='c'>NAlU</subfield><subfield code='d'>PPT</subfield></datafield><datafield ind1=' ' ind2=' ' tag='079'><subfield code='a'>ocm33251628</subfield></datafield><datafield ind1=' ' ind2=' ' tag='090'><subfield code='a'>QA76.L43x v.963</subfield></datafield><datafield ind1='2' ind2=' ' tag='111'><subfield code='a'>CRYPTO &apos;95</subfield><subfield code='d'>(1995 :</subfield><subfield code='c'>University of California, Santa Barbara)</subfield></datafield><datafield ind1='1' ind2='0' tag='245'><subfield code='a'>Advances in cryptology, CRYPTO &apos;95 :</subfield><subfield code='b'>15th Annual International Cryptology Conference, Santa Barbara, California, USA, August 27-31, 1995 : proceedings /</subfield><subfield code='c'>Don Coppersmith (ed.).</subfield></datafield><datafield ind1='3' ind2='0' tag='246'><subfield code='a'>CRYPTO &apos;95</subfield></datafield><datafield ind1=' ' ind2=' ' tag='260'><subfield code='a'>Berlin ;</subfield><subfield code='a'>New York :</subfield><subfield code='b'>Springer-Verlag,</subfield><subfield code='c'>c1995.</subfield></datafield><datafield ind1=' ' ind2=' ' tag='300'><subfield code='a'>xii, 465 p. :</subfield><subfield code='b'>ill. ;</subfield><subfield code='c'>24 cm.</subfield></datafield><datafield ind1=' ' ind2='0' tag='440'><subfield code='a'>Lecture notes in computer science ;</subfield><subfield code='v'>963</subfield></datafield><datafield ind1=' ' ind2=' ' tag='504'><subfield code='a'>Includes bibliographical references and index.</subfield></datafield><datafield ind1=' ' ind2=' ' tag='590'><subfield code='a'>Access to electronic version is available to the Temple Community through use of a networked computer with a Temple IP address.</subfield></datafield><datafield ind1=' ' ind2=' ' tag='530'><subfield code='a'>Also in electronic version made available by LINK (Online service).</subfield></datafield><datafield ind1=' ' ind2='0' tag='650'><subfield code='a'>Computers</subfield><subfield code='x'>Access control</subfield><subfield code='x'>Congresses.</subfield></datafield><datafield ind1=' ' ind2='0' tag='650'><subfield code='a'>Cryptography</subfield><subfield code='x'>Congresses.</subfield></datafield><datafield ind1='1' ind2=' ' tag='700'><subfield code='a'>Coppersmith, Don.</subfield></datafield><datafield ind1='2' ind2=' ' tag='710'><subfield code='a'>LINK (Online service)</subfield></datafield><datafield ind1='4' ind2='1' tag='856'><subfield code='z'>Access full text online via Springer.</subfield><subfield code='u'>http://libproxy.temple.edu/login?url=http://www.springerlink.com/link.asp?id=amxxu6whrd54  </subfield></datafield><datafield ind1=' ' ind2=' ' tag='902'><subfield code='a'>091221</subfield></datafield><datafield ind1=' ' ind2=' ' tag='907'><subfield code='a'>.b17091615</subfield><subfield code='b'>k    </subfield><subfield code='c'>-</subfield></datafield><datafield ind1=' ' ind2=' ' tag='935'><subfield code='a'>00771393</subfield></datafield><datafield ind1=' ' ind2=' ' tag='945'><subfield code='l'>kstk </subfield><subfield code='g'>1</subfield></datafield><datafield ind1=' ' ind2=' ' tag='979'><subfield code='a'>ocm33251628</subfield></datafield><datafield ind1=' ' ind2=' ' tag='998'><subfield code='b'>1</subfield><subfield code='c'>990101</subfield><subfield code='d'>m</subfield><subfield code='e'>m</subfield><subfield code='f'>-</subfield><subfield code='g'>0</subfield></datafield><datafield ind1=' ' ind2=' ' tag='998'><subfield code='a'>10/23/95</subfield><subfield code='t'>c</subfield><subfield code='s'>9114</subfield><subfield code='l'>PATG</subfield><subfield code='n'>PPT</subfield><subfield code='w'>NYAG95B5556</subfield><subfield code='d'>10/23/95</subfield><subfield code='c'>EC</subfield><subfield code='b'>RM</subfield></datafield><datafield ind1=' ' ind2=' ' tag='ADM'><subfield code='b'>2017-08-25 23:54:08</subfield><subfield code='e'>b17091615-01tuli_inst</subfield><subfield code='d'>ILS</subfield><subfield code='a'>2017-06-20 14:04:31</subfield><subfield code='c'>false</subfield></datafield><datafield ind1='0' ind2=' ' tag='HLD'><subfield code='b'>KARDON</subfield><subfield code='c'>p_remote</subfield><subfield code='h'>QA76.L43x v.963</subfield><subfield code='8'>22329121090003811</subfield></datafield><datafield ind1=' ' ind2=' ' tag='ITM'><subfield code='r'>22329121090003811</subfield><subfield code='b'>1</subfield><subfield code='h'>0</subfield><subfield code='g'>p_remote</subfield><subfield code='t'>ELEC</subfield><subfield code='9'>39074010195527</subfield><subfield code='e'>p_remote</subfield><subfield code='8'>23329121060003811</subfield><subfield code='a'>0</subfield><subfield code='q'>2017-06-20 14:04:31</subfield><subfield code='i'>QA76.L43x v.963</subfield><subfield code='d'>KARDON</subfield><subfield code='f'>KARDON</subfield></datafield></record>