
  <record xmlns='http://www.loc.gov/MARC21/slim'><leader>01812cam a2200457 a 4500</leader><controlfield tag='005'>20170825162429.0</controlfield><controlfield tag='008'>061004s2007    enka     b    001 0 eng  </controlfield><controlfield tag='001'>991023901449703811</controlfield><datafield ind1=' ' ind2=' ' tag='010'><subfield code='a'>2006032794</subfield></datafield><datafield ind1=' ' ind2=' ' tag='020'><subfield code='a'>1845191609 (h/c : alk. paper)</subfield></datafield><datafield ind1=' ' ind2=' ' tag='020'><subfield code='a'>9781845191603 (h/c : alk. paper)</subfield></datafield><datafield ind1=' ' ind2=' ' tag='035'><subfield code='a'>(PPT)b32622958-01tuli_inst</subfield></datafield><datafield ind1=' ' ind2=' ' tag='035'><subfield code='a'>(OCoLC)ocn491904734</subfield><subfield code='9'>ExL</subfield></datafield><datafield ind1=' ' ind2=' ' tag='035'><subfield code='a'>(OCoLC)75389777</subfield><subfield code='z'>(OCoLC)71285464</subfield></datafield><datafield ind1=' ' ind2=' ' tag='035'><subfield code='a'>75389777</subfield></datafield><datafield ind1=' ' ind2=' ' tag='035'><subfield code='a'>ocm75389777</subfield></datafield><datafield ind1=' ' ind2=' ' tag='035'><subfield code='a'>(OCLC)ocm75389777</subfield></datafield><datafield ind1=' ' ind2=' ' tag='040'><subfield code='a'>DLC</subfield><subfield code='c'>DLC</subfield><subfield code='d'>BAKER</subfield><subfield code='d'>YDXCP</subfield><subfield code='d'>BTCTA</subfield><subfield code='d'>UKM</subfield><subfield code='d'>C#P</subfield></datafield><datafield ind1=' ' ind2=' ' tag='043'><subfield code='a'>a-ir---</subfield><subfield code='a'>n-us-ny</subfield></datafield><datafield ind1=' ' ind2=' ' tag='079'><subfield code='a'>ocm75389777</subfield></datafield><datafield ind1=' ' ind2=' ' tag='090'><subfield code='a'>DS135.I652</subfield><subfield code='b'>M3765 2007</subfield></datafield><datafield ind1='1' ind2=' ' tag='100'><subfield code='a'>Nissimi, Hilda.</subfield></datafield><datafield ind1='1' ind2='4' tag='245'><subfield code='a'>The Crypto-Jewish Mashhadis :</subfield><subfield code='b'>the shaping of religious and communal identity in their journey from Iran to New York /</subfield><subfield code='c'>Hilda Nissimi.</subfield></datafield><datafield ind1=' ' ind2=' ' tag='260'><subfield code='a'>Brighton ;</subfield><subfield code='a'>Portland :</subfield><subfield code='b'>Sussex Academic Press,</subfield><subfield code='c'>2007.</subfield></datafield><datafield ind1=' ' ind2=' ' tag='300'><subfield code='a'>xv, 180 p. :</subfield><subfield code='b'>ill. ;</subfield><subfield code='c'>24 cm.</subfield></datafield><datafield ind1=' ' ind2=' ' tag='504'><subfield code='a'>Includes bibliographical references (p. 161-175) and index.</subfield></datafield><datafield ind1='0' ind2=' ' tag='505'><subfield code='a'>Crypto-faith communities: paradox and solution -- The Mashhadis: memory and identity in the underground -- The Mashhadis: an old-new community.</subfield></datafield><datafield ind1=' ' ind2='0' tag='650'><subfield code='a'>Jews</subfield><subfield code='z'>Iran</subfield><subfield code='z'>Mashhad</subfield><subfield code='x'>History.</subfield></datafield><datafield ind1=' ' ind2='0' tag='650'><subfield code='a'>Mashhadis (Crypto-Jews)</subfield><subfield code='x'>History.</subfield></datafield><datafield ind1=' ' ind2='0' tag='650'><subfield code='a'>Mashhadis (Crypto-Jews)</subfield><subfield code='x'>Social life and customs.</subfield></datafield><datafield ind1=' ' ind2='0' tag='650'><subfield code='a'>Muslim converts</subfield><subfield code='z'>Iran</subfield><subfield code='z'>Mashhad</subfield><subfield code='x'>History.</subfield></datafield><datafield ind1=' ' ind2='0' tag='650'><subfield code='a'>Jews</subfield><subfield code='z'>Iran</subfield><subfield code='x'>Identity.</subfield></datafield><datafield ind1=' ' ind2='0' tag='650'><subfield code='a'>Jews, Iranian</subfield><subfield code='z'>New York (State)</subfield></datafield><datafield ind1=' ' ind2='0' tag='650'><subfield code='a'>Mashhadis (Crypto-Jews)</subfield><subfield code='z'>New York (State)</subfield></datafield><datafield ind1='4' ind2='1' tag='856'><subfield code='3'>Table of contents only</subfield><subfield code='u'>http://www.loc.gov/catdir/toc/ecip074/2006032794.html</subfield></datafield><datafield ind1=' ' ind2=' ' tag='902'><subfield code='a'>110512</subfield></datafield><datafield ind1=' ' ind2=' ' tag='907'><subfield code='a'>.b32622958</subfield><subfield code='b'>p    </subfield><subfield code='c'>-</subfield></datafield><datafield ind1=' ' ind2=' ' tag='945'><subfield code='l'>pstk </subfield><subfield code='g'>1</subfield></datafield><datafield ind1=' ' ind2=' ' tag='979'><subfield code='a'>ocm75389777</subfield></datafield><datafield ind1=' ' ind2=' ' tag='998'><subfield code='b'>0</subfield><subfield code='c'>080227</subfield><subfield code='d'>m</subfield><subfield code='e'>a</subfield><subfield code='f'>-</subfield><subfield code='g'>4</subfield></datafield><datafield ind1=' ' ind2=' ' tag='998'><subfield code='a'>02/27/08</subfield><subfield code='s'>LC</subfield><subfield code='c'>RM</subfield></datafield><datafield ind1=' ' ind2=' ' tag='ADM'><subfield code='b'>2017-08-25 20:24:29</subfield><subfield code='e'>b32622958-01tuli_inst</subfield><subfield code='d'>ILS</subfield><subfield code='a'>2017-06-20 05:52:21</subfield><subfield code='c'>false</subfield></datafield><datafield ind1='0' ind2=' ' tag='HLD'><subfield code='b'>MAIN</subfield><subfield code='c'>stacks</subfield><subfield code='h'>DS135.I652</subfield><subfield code='i'>M3765 2007</subfield><subfield code='8'>22237534910003811</subfield></datafield><datafield ind1=' ' ind2=' ' tag='ITM'><subfield code='r'>22237534910003811</subfield><subfield code='b'>1</subfield><subfield code='h'>0</subfield><subfield code='g'>stacks</subfield><subfield code='t'>BOOK</subfield><subfield code='9'>39074023673320</subfield><subfield code='e'>stacks</subfield><subfield code='8'>23237534900003811</subfield><subfield code='a'>0</subfield><subfield code='q'>2017-06-20 05:52:21</subfield><subfield code='i'>DS135.I652 M3765 2007</subfield><subfield code='d'>MAIN</subfield><subfield code='f'>MAIN</subfield></datafield></record>