
  <record xmlns='http://www.loc.gov/MARC21/slim'><leader>01812nam a2200457 a 4500</leader><controlfield tag='005'>20170825214319.0</controlfield><controlfield tag='007'>cr unu||||||||</controlfield><controlfield tag='008'>020925s2002    gw a     b    101 0 eng d</controlfield><controlfield tag='001'>991033250079703811</controlfield><datafield ind1=' ' ind2=' ' tag='010'><subfield code='a'>2002512565</subfield><subfield code='z'>2002029228</subfield></datafield><datafield ind1=' ' ind2=' ' tag='020'><subfield code='a'>354044050X (pbk.)</subfield></datafield><datafield ind1=' ' ind2=' ' tag='035'><subfield code='a'>(PPT)b2603833x-01tuli_inst</subfield></datafield><datafield ind1=' ' ind2=' ' tag='035'><subfield code='a'>(CStRLIN)ocn489445567</subfield><subfield code='9'>ExL</subfield></datafield><datafield ind1=' ' ind2=' ' tag='035'><subfield code='a'>PPTb2603833x</subfield></datafield><datafield ind1=' ' ind2=' ' tag='035'><subfield code='a'>ocm50524469</subfield></datafield><datafield ind1=' ' ind2=' ' tag='035'><subfield code='a'>(OCLC)ocm50524469</subfield></datafield><datafield ind1=' ' ind2=' ' tag='040'><subfield code='a'>OHX</subfield><subfield code='c'>OHX</subfield><subfield code='d'>ORU</subfield><subfield code='d'>C$Q</subfield><subfield code='d'>DLC</subfield></datafield><datafield ind1=' ' ind2=' ' tag='042'><subfield code='a'>lccopycat</subfield></datafield><datafield ind1=' ' ind2='7' tag='072'><subfield code='a'>Q</subfield><subfield code='2'>lcco</subfield></datafield><datafield ind1=' ' ind2=' ' tag='079'><subfield code='a'>ocm50524469</subfield></datafield><datafield ind1=' ' ind2=' ' tag='090'><subfield code='a'>QA76</subfield><subfield code='b'>.L43x v.2442</subfield></datafield><datafield ind1='2' ind2=' ' tag='111'><subfield code='a'>CRYPTO 2002</subfield><subfield code='d'>(2002 :</subfield><subfield code='c'>Santa Barbara, Calif.)</subfield></datafield><datafield ind1='1' ind2='0' tag='245'><subfield code='a'>Advances in cryptology - CRYPTO 2002 :</subfield><subfield code='b'>22nd Annual International Cryptology Conference, Santa Barbara, California, USA, August 18-22, 2002 : proceedings /</subfield><subfield code='c'>Moti Yung (ed.).</subfield></datafield><datafield ind1=' ' ind2=' ' tag='260'><subfield code='a'>Berlin :</subfield><subfield code='b'>Springer,</subfield><subfield code='c'>2002.</subfield></datafield><datafield ind1=' ' ind2=' ' tag='300'><subfield code='a'>xiv, 626 p. :</subfield><subfield code='b'>ill. ;</subfield><subfield code='c'>24 cm.</subfield></datafield><datafield ind1=' ' ind2='0' tag='440'><subfield code='a'>Lecture notes in computer science,</subfield><subfield code='x'>0302-9743 ;</subfield><subfield code='v'>2442.</subfield></datafield><datafield ind1=' ' ind2=' ' tag='590'><subfield code='a'>Access to electronic version is available to the Temple Community through use of a networked computer with a Temple IP address.</subfield></datafield><datafield ind1=' ' ind2=' ' tag='530'><subfield code='a'>Also in electronic version made available by Springer.</subfield></datafield><datafield ind1=' ' ind2=' ' tag='530'><subfield code='a'>Also available via the World Wide Web.</subfield></datafield><datafield ind1=' ' ind2=' ' tag='504'><subfield code='a'>Includes bibliographical references and index.</subfield></datafield><datafield ind1=' ' ind2='0' tag='650'><subfield code='a'>Computer security</subfield><subfield code='v'>Congresses.</subfield></datafield><datafield ind1=' ' ind2='0' tag='650'><subfield code='a'>Cryptography</subfield><subfield code='v'>Congresses.</subfield></datafield><datafield ind1='1' ind2=' ' tag='700'><subfield code='a'>Yung, Moti.</subfield></datafield><datafield ind1='2' ind2=' ' tag='710'><subfield code='a'>LINK (Online service)</subfield></datafield><datafield ind1='4' ind2='1' tag='856'><subfield code='z'>Access full text online via Springer.</subfield><subfield code='u'>http://libproxy.temple.edu/login?url=http://link.springer-ny.com/link/service/series/0558/tocs/t2442.htm</subfield></datafield><datafield ind1=' ' ind2=' ' tag='902'><subfield code='a'>100125</subfield></datafield><datafield ind1=' ' ind2=' ' tag='907'><subfield code='a'>.b2603833x</subfield><subfield code='b'>p    </subfield><subfield code='c'>-</subfield></datafield><datafield ind1=' ' ind2=' ' tag='945'><subfield code='l'>pstk </subfield><subfield code='g'>1</subfield></datafield><datafield ind1=' ' ind2=' ' tag='979'><subfield code='a'>ocm50524469</subfield></datafield><datafield ind1=' ' ind2=' ' tag='998'><subfield code='b'>1</subfield><subfield code='c'>021024</subfield><subfield code='d'>m</subfield><subfield code='e'>m</subfield><subfield code='f'>-</subfield><subfield code='g'>0</subfield></datafield><datafield ind1=' ' ind2=' ' tag='998'><subfield code='a'>10/24/02</subfield><subfield code='s'>LC</subfield><subfield code='c'>AT</subfield></datafield><datafield ind1=' ' ind2=' ' tag='ADM'><subfield code='b'>2017-08-26 01:43:19</subfield><subfield code='e'>b2603833x-01tuli_inst</subfield><subfield code='d'>ILS</subfield><subfield code='a'>2017-06-20 06:30:07</subfield><subfield code='c'>false</subfield></datafield><datafield ind1='0' ind2=' ' tag='HLD'><subfield code='b'>MAIN</subfield><subfield code='c'>stacks</subfield><subfield code='h'>QA76</subfield><subfield code='i'>.L43x v.2442</subfield><subfield code='8'>22248964150003811</subfield></datafield><datafield ind1=' ' ind2=' ' tag='ITM'><subfield code='r'>22248964150003811</subfield><subfield code='b'>1</subfield><subfield code='h'>0</subfield><subfield code='g'>stacks</subfield><subfield code='t'>ELEC</subfield><subfield code='9'>39074015378714</subfield><subfield code='e'>stacks</subfield><subfield code='8'>23248964140003811</subfield><subfield code='a'>0</subfield><subfield code='q'>2017-06-20 06:30:07</subfield><subfield code='i'>QA76 .L43x v.2442</subfield><subfield code='d'>MAIN</subfield><subfield code='f'>MAIN</subfield></datafield></record>