
  <record xmlns='http://www.loc.gov/MARC21/slim'><leader>01820cam a2200481Ia 4500</leader><controlfield tag='005'>20180315183238.0</controlfield><controlfield tag='008'>760420s1926    enk      b    000 0 eng  </controlfield><controlfield tag='001'>991013572759703811</controlfield><datafield ind1=' ' ind2=' ' tag='010'><subfield code='a'>55054493</subfield></datafield><datafield ind1=' ' ind2=' ' tag='035'><subfield code='a'>(PPT)b58770732-01tuli_inst</subfield></datafield><datafield ind1=' ' ind2=' ' tag='035'><subfield code='a'>(OCoLC)2127655</subfield></datafield><datafield ind1=' ' ind2=' ' tag='035'><subfield code='a'>ocm02127655</subfield></datafield><datafield ind1=' ' ind2=' ' tag='035'><subfield code='a'>(OCLC)ocm02127655</subfield></datafield><datafield ind1=' ' ind2=' ' tag='040'><subfield code='a'>DLC</subfield><subfield code='b'>eng</subfield><subfield code='c'>NOC</subfield><subfield code='d'>DLC</subfield><subfield code='d'>OCLCQ</subfield><subfield code='d'>OCLCG</subfield><subfield code='d'>WTU</subfield><subfield code='d'>OCLCF</subfield><subfield code='d'>OCLCQ</subfield></datafield><datafield ind1=' ' ind2=' ' tag='043'><subfield code='a'>e-po---</subfield></datafield><datafield ind1='0' ind2='0' tag='050'><subfield code='a'>DS135.P7</subfield><subfield code='b'>W6 1926</subfield></datafield><datafield ind1=' ' ind2=' ' tag='079'><subfield code='a'>ocm02127655</subfield></datafield><datafield ind1=' ' ind2=' ' tag='090'><subfield code='a'>DS135.P7</subfield><subfield code='b'>W6 1926 Whiteman</subfield></datafield><datafield ind1='1' ind2=' ' tag='100'><subfield code='a'>Wolf, Lucien,</subfield><subfield code='d'>1857-1930.</subfield></datafield><datafield ind1='1' ind2='0' tag='245'><subfield code='a'>Report on the &quot;Marranos&quot; or Crypto-Jews of Portugal :</subfield><subfield code='b'>presented to the Alliance israelite universelle and the Council of the Anglo-Jewish Association, March, 1926 /</subfield><subfield code='c'>by Lucien Wolf.</subfield></datafield><datafield ind1=' ' ind2=' ' tag='260'><subfield code='a'>London :</subfield><subfield code='b'>Anglo-Jewish Association,</subfield><subfield code='c'>1926.</subfield></datafield><datafield ind1=' ' ind2=' ' tag='300'><subfield code='a'>19 pages ;</subfield><subfield code='c'>26 cm</subfield></datafield><datafield ind1=' ' ind2=' ' tag='336'><subfield code='a'>text</subfield><subfield code='b'>txt</subfield><subfield code='2'>rdacontent</subfield></datafield><datafield ind1=' ' ind2=' ' tag='337'><subfield code='a'>unmediated</subfield><subfield code='b'>n</subfield><subfield code='2'>rdamedia</subfield></datafield><datafield ind1=' ' ind2=' ' tag='338'><subfield code='a'>volume</subfield><subfield code='b'>nc</subfield><subfield code='2'>rdacarrier</subfield></datafield><datafield ind1=' ' ind2=' ' tag='500'><subfield code='a'>&quot;Printed by Fredk. W. Kahn, 56 &amp; 57, St. John&apos;s Square, E.C.1&quot; -- Back wrapper.</subfield></datafield><datafield ind1=' ' ind2=' ' tag='504'><subfield code='a'>Includes bibliographical references.</subfield></datafield><datafield ind1=' ' ind2=' ' tag='541'><subfield code='a'>Whiteman, Maxwell ;</subfield><subfield code='c'>Gift</subfield></datafield><datafield ind1=' ' ind2=' ' tag='580'><subfield code='a'>Forms part of the Maxwell Whiteman Collection.</subfield></datafield><datafield ind1=' ' ind2=' ' tag='590'><subfield code='a'>SCRC copy saddle stitched in original self-wrappers.</subfield></datafield><datafield ind1=' ' ind2='0' tag='650'><subfield code='a'>Marranos</subfield><subfield code='z'>Portugal.</subfield></datafield><datafield ind1=' ' ind2='7' tag='650'><subfield code='a'>Marranos.</subfield><subfield code='2'>fast</subfield><subfield code='0'>(OCoLC)fst01010435</subfield></datafield><datafield ind1=' ' ind2='7' tag='651'><subfield code='a'>Portugal.</subfield><subfield code='2'>fast</subfield><subfield code='0'>(OCoLC)fst01208476</subfield></datafield><datafield ind1='1' ind2=' ' tag='700'><subfield code='a'>Whiteman, Maxwell,</subfield><subfield code='e'>former owner.</subfield><subfield code='5'>PPT</subfield></datafield><datafield ind1='2' ind2=' ' tag='710'><subfield code='a'>Alliance israéite universelle.</subfield></datafield><datafield ind1='2' ind2=' ' tag='710'><subfield code='a'>Anglo-Jewish Association,</subfield><subfield code='e'>publisher.</subfield></datafield><datafield ind1='2' ind2=' ' tag='710'><subfield code='a'>Kahn, Frederick W.,</subfield><subfield code='e'>printer.</subfield></datafield><datafield ind1='0' ind2='8' tag='773'><subfield code='t'>Maxwell Whiteman Collection</subfield></datafield><datafield ind1=' ' ind2=' ' tag='907'><subfield code='a'>.b58770732</subfield><subfield code='b'>s    </subfield><subfield code='c'>-</subfield></datafield><datafield ind1=' ' ind2=' ' tag='945'><subfield code='l'>srare</subfield><subfield code='g'>1</subfield></datafield><datafield ind1=' ' ind2=' ' tag='979'><subfield code='a'>ocm02127655</subfield></datafield><datafield ind1=' ' ind2=' ' tag='998'><subfield code='b'>0</subfield><subfield code='c'>160111</subfield><subfield code='d'>m</subfield><subfield code='e'>a</subfield><subfield code='f'>-</subfield><subfield code='g'>0</subfield></datafield><datafield ind1=' ' ind2=' ' tag='998'><subfield code='a'>01/11/16</subfield><subfield code='s'>LC</subfield><subfield code='c'>MKD</subfield></datafield><datafield ind1=' ' ind2=' ' tag='ADM'><subfield code='b'>2018-03-15 22:32:38</subfield><subfield code='e'>b58770732-01tuli_inst</subfield><subfield code='d'>ILS</subfield><subfield code='a'>2017-06-20 07:23:48</subfield><subfield code='c'>false</subfield></datafield><datafield ind1='0' ind2=' ' tag='HLD'><subfield code='b'>SCRC</subfield><subfield code='c'>rarestacks</subfield><subfield code='h'>DS135.P7</subfield><subfield code='i'>W6 1926 Whiteman</subfield><subfield code='8'>22265796890003811</subfield></datafield><datafield ind1=' ' ind2=' ' tag='ITM'><subfield code='r'>22265796890003811</subfield><subfield code='b'>1</subfield><subfield code='h'>0</subfield><subfield code='g'>rarestacks</subfield><subfield code='t'>BOOK</subfield><subfield code='9'>39074026883785</subfield><subfield code='e'>rarestacks</subfield><subfield code='8'>23265796870003811</subfield><subfield code='a'>4</subfield><subfield code='q'>2017-06-20 07:23:48</subfield><subfield code='i'>DS135.P7 W6 1926 Whiteman</subfield><subfield code='d'>SCRC</subfield><subfield code='f'>SCRC</subfield></datafield></record>