
  <record xmlns='http://www.loc.gov/MARC21/slim'><leader>01839nam a2200433 a 4500</leader><controlfield tag='005'>20170826033158.0</controlfield><controlfield tag='007'>cr unu||||||||               </controlfield><controlfield tag='008'>940107s1993    gw a     b    100 0 eng  </controlfield><controlfield tag='001'>991031614529703811</controlfield><datafield ind1=' ' ind2=' ' tag='010'><subfield code='a'>93037164</subfield></datafield><datafield ind1=' ' ind2=' ' tag='020'><subfield code='a'>0387573402 (N.Y. : acid-free paper) :</subfield><subfield code='c'>DM 104.00</subfield></datafield><datafield ind1=' ' ind2=' ' tag='020'><subfield code='a'>3540573402 (Berlin : acid-free paper)</subfield></datafield><datafield ind1=' ' ind2=' ' tag='035'><subfield code='a'>(PPT)b16497491-01tuli_inst</subfield></datafield><datafield ind1=' ' ind2=' ' tag='035'><subfield code='a'>(CStRLIN)ocn476483738</subfield><subfield code='9'>ExL</subfield></datafield><datafield ind1=' ' ind2=' ' tag='035'><subfield code='a'>PATG94-B00422</subfield></datafield><datafield ind1=' ' ind2=' ' tag='035'><subfield code='a'>ocm28927845</subfield></datafield><datafield ind1=' ' ind2=' ' tag='035'><subfield code='a'>(OCLC)ocm28927845</subfield></datafield><datafield ind1=' ' ind2=' ' tag='040'><subfield code='a'>DLC</subfield><subfield code='c'>DLC</subfield><subfield code='d'>RPB</subfield></datafield><datafield ind1=' ' ind2=' ' tag='079'><subfield code='a'>ocm28927845</subfield></datafield><datafield ind1=' ' ind2=' ' tag='090'><subfield code='a'>QA76.L43x v.740</subfield></datafield><datafield ind1='2' ind2=' ' tag='111'><subfield code='a'>CRYPTO &apos;92</subfield><subfield code='d'>(1992 :</subfield><subfield code='c'>University of California, Santa Barbara)</subfield></datafield><datafield ind1='1' ind2='0' tag='245'><subfield code='a'>Advances in cryptology--CRYPTO &apos;92 :</subfield><subfield code='b'>12th annual international cryptology conference, Santa Barbara, California, USA, August 16-20, 1992 : proceedings /</subfield><subfield code='c'>Ernest F. Brickell (ed.).</subfield></datafield><datafield ind1=' ' ind2=' ' tag='260'><subfield code='a'>Berlin ;</subfield><subfield code='a'>New York :</subfield><subfield code='b'>Springer-Verlag,</subfield><subfield code='c'>c1993.</subfield></datafield><datafield ind1=' ' ind2=' ' tag='300'><subfield code='a'>x, 593 p. :</subfield><subfield code='b'>ill. ;</subfield><subfield code='c'>24 cm.</subfield></datafield><datafield ind1=' ' ind2='0' tag='440'><subfield code='a'>Lecture notes in computer science ;</subfield><subfield code='v'>740</subfield></datafield><datafield ind1=' ' ind2=' ' tag='590'><subfield code='a'>Access to electronic version is available to the Temple Community through use of a networked computer with a Temple IP address.</subfield></datafield><datafield ind1=' ' ind2=' ' tag='530'><subfield code='a'>Also in electronic version made available by LINK (Online service).</subfield></datafield><datafield ind1=' ' ind2='0' tag='650'><subfield code='a'>Computer security</subfield><subfield code='x'>Congresses.</subfield></datafield><datafield ind1=' ' ind2='0' tag='650'><subfield code='a'>Cryptography</subfield><subfield code='x'>Congresses.</subfield></datafield><datafield ind1='1' ind2='0' tag='700'><subfield code='a'>Brickell, Ernest F.,</subfield><subfield code='d'>1953-</subfield></datafield><datafield ind1='2' ind2=' ' tag='710'><subfield code='a'>LINK (Online service)</subfield></datafield><datafield ind1='4' ind2='1' tag='856'><subfield code='z'>Access full text online via Springer.</subfield><subfield code='u'>http://libproxy.temple.edu/login?url=http://www.springerlink.com/link.asp?id=wqw4qmwyvlwa  </subfield></datafield><datafield ind1=' ' ind2=' ' tag='902'><subfield code='a'>091221</subfield></datafield><datafield ind1=' ' ind2=' ' tag='907'><subfield code='a'>.b16497491</subfield><subfield code='b'>p    </subfield><subfield code='c'>-</subfield></datafield><datafield ind1=' ' ind2=' ' tag='935'><subfield code='a'>00707969</subfield></datafield><datafield ind1=' ' ind2=' ' tag='945'><subfield code='l'>pstk </subfield><subfield code='g'>1</subfield></datafield><datafield ind1=' ' ind2=' ' tag='979'><subfield code='a'>ocm28927845</subfield></datafield><datafield ind1=' ' ind2=' ' tag='998'><subfield code='b'>1</subfield><subfield code='c'>990101</subfield><subfield code='d'>m</subfield><subfield code='e'>m</subfield><subfield code='f'>-</subfield><subfield code='g'>0</subfield></datafield><datafield ind1=' ' ind2=' ' tag='998'><subfield code='a'>01/07/94</subfield><subfield code='t'>c</subfield><subfield code='s'>9110</subfield><subfield code='n'>PPT</subfield><subfield code='w'>RIBG93B30807</subfield><subfield code='d'>01/07/94</subfield><subfield code='c'>EC</subfield><subfield code='b'>MK</subfield><subfield code='i'>940107</subfield><subfield code='l'>PATG</subfield></datafield><datafield ind1=' ' ind2=' ' tag='ADM'><subfield code='b'>2017-08-26 07:31:58</subfield><subfield code='e'>b16497491-01tuli_inst</subfield><subfield code='d'>ILS</subfield><subfield code='a'>2017-06-20 08:38:10</subfield><subfield code='c'>false</subfield></datafield><datafield ind1='0' ind2=' ' tag='HLD'><subfield code='b'>MAIN</subfield><subfield code='c'>stacks</subfield><subfield code='h'>QA76.L43x v.740</subfield><subfield code='8'>22284644650003811</subfield></datafield><datafield ind1=' ' ind2=' ' tag='ITM'><subfield code='r'>22284644650003811</subfield><subfield code='b'>1</subfield><subfield code='h'>0</subfield><subfield code='g'>stacks</subfield><subfield code='t'>ELEC</subfield><subfield code='9'>39074009146549</subfield><subfield code='e'>stacks</subfield><subfield code='8'>23284644640003811</subfield><subfield code='a'>0</subfield><subfield code='q'>2017-06-20 08:38:10</subfield><subfield code='i'>QA76.L43x v.740</subfield><subfield code='d'>MAIN</subfield><subfield code='f'>MAIN</subfield></datafield></record>