
  <record xmlns='http://www.loc.gov/MARC21/slim'><leader>01851cam a2200493Ia 4500</leader><controlfield tag='005'>20170825231136.0</controlfield><controlfield tag='008'>080218r19431943ilu           000 0 eng d</controlfield><controlfield tag='001'>991011305049703811</controlfield><datafield ind1=' ' ind2=' ' tag='035'><subfield code='a'>(PPT)b58242612-01tuli_inst</subfield></datafield><datafield ind1=' ' ind2=' ' tag='035'><subfield code='a'>(OCoLC)ocn921955111</subfield><subfield code='9'>ExL</subfield></datafield><datafield ind1=' ' ind2=' ' tag='035'><subfield code='a'>(OCoLC)192072423</subfield></datafield><datafield ind1=' ' ind2=' ' tag='035'><subfield code='a'>ocn192072423</subfield></datafield><datafield ind1=' ' ind2=' ' tag='035'><subfield code='a'>(OCLC)ocn192072423</subfield></datafield><datafield ind1=' ' ind2=' ' tag='040'><subfield code='a'>PSP</subfield><subfield code='b'>eng</subfield><subfield code='c'>PSP</subfield><subfield code='d'>OCLCG</subfield><subfield code='d'>OCLCF</subfield><subfield code='d'>OCLCO</subfield><subfield code='d'>OCLCQ</subfield></datafield><datafield ind1=' ' ind2=' ' tag='043'><subfield code='a'>n-us---</subfield></datafield><datafield ind1=' ' ind2=' ' tag='079'><subfield code='a'>ocn192072423</subfield></datafield><datafield ind1=' ' ind2=' ' tag='090'><subfield code='a'>E184.35</subfield><subfield code='b'>.G78 1943 Whiteman</subfield></datafield><datafield ind1='1' ind2=' ' tag='100'><subfield code='a'>Grusd, Edward E.,</subfield><subfield code='d'>1904-</subfield></datafield><datafield ind1='1' ind2='4' tag='245'><subfield code='a'>The Jews :</subfield><subfield code='b'>fact and fiction /</subfield><subfield code='c'>by Edward E. Grusd.</subfield></datafield><datafield ind1=' ' ind2=' ' tag='260'><subfield code='a'>[Chicago] :</subfield><subfield code='b'>[Anti-Defamation League],</subfield><subfield code='c'>[1943?]</subfield></datafield><datafield ind1=' ' ind2=' ' tag='300'><subfield code='a'>5 pages ;</subfield><subfield code='c'>22 cm</subfield></datafield><datafield ind1=' ' ind2=' ' tag='336'><subfield code='a'>text</subfield><subfield code='b'>txt</subfield><subfield code='2'>rdacontent</subfield></datafield><datafield ind1=' ' ind2=' ' tag='337'><subfield code='a'>unmediated</subfield><subfield code='b'>n</subfield><subfield code='2'>rdamedia</subfield></datafield><datafield ind1=' ' ind2=' ' tag='338'><subfield code='a'>volume</subfield><subfield code='b'>nc</subfield><subfield code='2'>rdacarrier</subfield></datafield><datafield ind1=' ' ind2=' ' tag='500'><subfield code='a'>&quot;Reprinted through courtesy of Common Ground issue of Spring, 1943.&quot; -- Inside front wrapper.</subfield></datafield><datafield ind1=' ' ind2=' ' tag='500'><subfield code='a'>&quot;Reprinted and distributed by Anti-Defamation League of B&apos;nai B&apos;rith ... Chicago.&quot; -- Back wrapper.</subfield></datafield><datafield ind1=' ' ind2=' ' tag='541'><subfield code='a'>Whiteman, Maxwell ;</subfield><subfield code='c'>Gift</subfield></datafield><datafield ind1=' ' ind2=' ' tag='580'><subfield code='a'>Forms part of the Maxwell Whiteman Collection.</subfield></datafield><datafield ind1=' ' ind2=' ' tag='590'><subfield code='a'>SCRC copy in original wrappers.</subfield></datafield><datafield ind1=' ' ind2='0' tag='650'><subfield code='a'>Jews</subfield><subfield code='z'>United States.</subfield></datafield><datafield ind1=' ' ind2='0' tag='650'><subfield code='a'>Jews</subfield><subfield code='x'>Legal status, laws, etc.</subfield><subfield code='z'>United States.</subfield></datafield><datafield ind1=' ' ind2='7' tag='650'><subfield code='a'>Jews.</subfield><subfield code='2'>fast</subfield><subfield code='0'>(OCoLC)fst00983135</subfield></datafield><datafield ind1=' ' ind2='7' tag='650'><subfield code='a'>Jews</subfield><subfield code='x'>Legal status, laws, etc.</subfield><subfield code='2'>fast</subfield><subfield code='0'>(OCoLC)fst00983297</subfield></datafield><datafield ind1=' ' ind2='7' tag='651'><subfield code='a'>United States.</subfield><subfield code='2'>fast</subfield><subfield code='0'>(OCoLC)fst01204155</subfield></datafield><datafield ind1='1' ind2=' ' tag='700'><subfield code='a'>Whiteman, Maxwell,</subfield><subfield code='e'>former owner.</subfield><subfield code='5'>PPT</subfield></datafield><datafield ind1='2' ind2=' ' tag='710'><subfield code='a'>B&apos;nai B&apos;rith.</subfield><subfield code='b'>Anti-defamation League.</subfield></datafield><datafield ind1='2' ind2=' ' tag='710'><subfield code='a'>Common Ground Center for Nonviolence.</subfield></datafield><datafield ind1='0' ind2='8' tag='773'><subfield code='t'>Maxwell Whiteman Collection</subfield></datafield><datafield ind1=' ' ind2=' ' tag='902'><subfield code='a'>150924</subfield></datafield><datafield ind1=' ' ind2=' ' tag='907'><subfield code='a'>.b58242612</subfield><subfield code='b'>s    </subfield><subfield code='c'>-</subfield></datafield><datafield ind1=' ' ind2=' ' tag='945'><subfield code='l'>srare</subfield><subfield code='g'>1</subfield></datafield><datafield ind1=' ' ind2=' ' tag='979'><subfield code='a'>ocn192072423</subfield></datafield><datafield ind1=' ' ind2=' ' tag='998'><subfield code='b'>0</subfield><subfield code='c'>150904</subfield><subfield code='d'>m</subfield><subfield code='e'>a</subfield><subfield code='f'>-</subfield><subfield code='g'>4</subfield></datafield><datafield ind1=' ' ind2=' ' tag='998'><subfield code='a'>09/04/15</subfield><subfield code='s'>OCLC</subfield><subfield code='c'>MKD</subfield></datafield><datafield ind1=' ' ind2=' ' tag='ADM'><subfield code='b'>2017-09-08 07:39:24</subfield><subfield code='e'>b58242612-01tuli_inst</subfield><subfield code='d'>ILS</subfield><subfield code='a'>2017-06-20 12:53:19</subfield><subfield code='c'>false</subfield></datafield><datafield ind1='0' ind2=' ' tag='HLD'><subfield code='b'>SCRC</subfield><subfield code='c'>rarestacks</subfield><subfield code='h'>E184.35</subfield><subfield code='i'>.G78 1943 Whiteman</subfield><subfield code='8'>22321265160003811</subfield></datafield><datafield ind1=' ' ind2=' ' tag='ITM'><subfield code='r'>22321265160003811</subfield><subfield code='b'>1</subfield><subfield code='h'>0</subfield><subfield code='g'>rarestacks</subfield><subfield code='t'>BOOK</subfield><subfield code='9'>39074026837468</subfield><subfield code='e'>rarestacks</subfield><subfield code='8'>23321265150003811</subfield><subfield code='a'>4</subfield><subfield code='q'>2017-06-20 12:53:19</subfield><subfield code='i'>E184.35 .G78 1943 Whiteman</subfield><subfield code='d'>SCRC</subfield><subfield code='f'>SCRC</subfield></datafield></record>