
  <record xmlns='http://www.loc.gov/MARC21/slim'><leader>01863nam a2200433 a 4500</leader><controlfield tag='005'>20170825190740.0</controlfield><controlfield tag='007'>cr unu||||||||                </controlfield><controlfield tag='008'>991027s1999    gw a     b    101 0 eng d</controlfield><controlfield tag='001'>991006913329703811</controlfield><datafield ind1=' ' ind2=' ' tag='020'><subfield code='a'>3540663479</subfield></datafield><datafield ind1=' ' ind2=' ' tag='035'><subfield code='a'>(PPT)b19561829-01tuli_inst</subfield></datafield><datafield ind1=' ' ind2=' ' tag='035'><subfield code='a'>(CStRLIN)ocn475722287</subfield><subfield code='9'>ExL</subfield></datafield><datafield ind1=' ' ind2=' ' tag='035'><subfield code='a'>PATG99-B12265</subfield></datafield><datafield ind1=' ' ind2=' ' tag='035'><subfield code='a'>ocm42274913</subfield></datafield><datafield ind1=' ' ind2=' ' tag='035'><subfield code='a'>(OCLC)ocm42274913</subfield></datafield><datafield ind1=' ' ind2=' ' tag='040'><subfield code='a'>*UKM*</subfield><subfield code='c'>*UKM*</subfield><subfield code='d'>RPB</subfield><subfield code='d'>CStRLIN</subfield><subfield code='d'>PPT</subfield></datafield><datafield ind1=' ' ind2=' ' tag='079'><subfield code='a'>ocm42274913</subfield></datafield><datafield ind1=' ' ind2=' ' tag='090'><subfield code='a'>QA76</subfield><subfield code='b'>.L43x v.1666</subfield></datafield><datafield ind1='2' ind2=' ' tag='111'><subfield code='a'>CRYPTO &apos;99</subfield><subfield code='d'>(1999 :</subfield><subfield code='c'>University of California, Santa Barbara)</subfield></datafield><datafield ind1='1' ind2='0' tag='245'><subfield code='a'>Advances in cryptology - CRYPTO &apos;99 :</subfield><subfield code='b'>19th Annual International Cryptology Conference, Santa Barbara, California, USA, August 15-19, 1999 : proceedings /</subfield><subfield code='c'>Michael Wiener (ed.).</subfield></datafield><datafield ind1=' ' ind2=' ' tag='260'><subfield code='a'>Berlin ;</subfield><subfield code='a'>New York :</subfield><subfield code='b'>Springer,</subfield><subfield code='c'>c1999.</subfield></datafield><datafield ind1=' ' ind2=' ' tag='300'><subfield code='a'>xii, 638 p. :</subfield><subfield code='b'>ill. ;</subfield><subfield code='c'>24 cm.</subfield></datafield><datafield ind1=' ' ind2='0' tag='440'><subfield code='a'>Lecture notes in computer science,</subfield><subfield code='x'>0302-9743 ;</subfield><subfield code='v'>1666.</subfield></datafield><datafield ind1=' ' ind2=' ' tag='504'><subfield code='a'>Includes bibliographical references and index.</subfield></datafield><datafield ind1=' ' ind2=' ' tag='590'><subfield code='a'>Access to electronic version is available to the Temple Community through use of a networked computer with a Temple IP address.</subfield></datafield><datafield ind1=' ' ind2=' ' tag='530'><subfield code='a'>Also in electronic version made available by LINK (Online service).</subfield></datafield><datafield ind1=' ' ind2='0' tag='650'><subfield code='a'>Cryptography</subfield><subfield code='v'>Congresses.</subfield></datafield><datafield ind1=' ' ind2='0' tag='650'><subfield code='a'>Computer security</subfield><subfield code='v'>Congresses.</subfield></datafield><datafield ind1='1' ind2=' ' tag='700'><subfield code='a'>Wiener, Michael,</subfield><subfield code='d'>1963-</subfield></datafield><datafield ind1='2' ind2=' ' tag='710'><subfield code='a'>LINK (Online service)</subfield></datafield><datafield ind1='4' ind2='1' tag='856'><subfield code='z'>Access full text online via Springer.</subfield><subfield code='u'>http://libproxy.temple.edu/login?url=http://www.springerlink.com/link.asp?id=r0d3q30ahdc9  </subfield></datafield><datafield ind1=' ' ind2='1' tag='901'><subfield code='i'>39074014262513</subfield><subfield code='l'>pstk</subfield><subfield code='a'>QA76</subfield><subfield code='b'>.L43x v.1666</subfield><subfield code='t'>0</subfield><subfield code='s'>-</subfield><subfield code='z'>090</subfield></datafield><datafield ind1=' ' ind2=' ' tag='902'><subfield code='a'>100108</subfield></datafield><datafield ind1=' ' ind2=' ' tag='907'><subfield code='a'>.b19561829</subfield><subfield code='b'>p    </subfield><subfield code='c'>-</subfield></datafield><datafield ind1=' ' ind2=' ' tag='945'><subfield code='l'>pstk </subfield><subfield code='g'>1</subfield></datafield><datafield ind1=' ' ind2=' ' tag='950'><subfield code='l'>P</subfield></datafield><datafield ind1=' ' ind2=' ' tag='979'><subfield code='a'>ocm42274913</subfield></datafield><datafield ind1=' ' ind2=' ' tag='998'><subfield code='b'>1</subfield><subfield code='c'>991028</subfield><subfield code='d'>m</subfield><subfield code='e'>m</subfield><subfield code='f'>-</subfield><subfield code='g'>0</subfield></datafield><datafield ind1=' ' ind2=' ' tag='998'><subfield code='a'>10/27/99</subfield><subfield code='t'>c</subfield><subfield code='s'>9115</subfield><subfield code='l'>PATG</subfield><subfield code='n'>PPT</subfield><subfield code='w'>CTYAFMP5905B</subfield><subfield code='d'>10/27/99</subfield><subfield code='c'>NP </subfield><subfield code='b'>AT</subfield></datafield><datafield ind1=' ' ind2=' ' tag='ADM'><subfield code='b'>2017-08-25 23:07:40</subfield><subfield code='e'>b19561829-01tuli_inst</subfield><subfield code='d'>ILS</subfield><subfield code='a'>2017-06-20 06:38:11</subfield><subfield code='c'>false</subfield></datafield><datafield ind1='0' ind2=' ' tag='HLD'><subfield code='b'>MAIN</subfield><subfield code='c'>stacks</subfield><subfield code='h'>QA76</subfield><subfield code='i'>.L43x v.1666</subfield><subfield code='8'>22251595400003811</subfield></datafield><datafield ind1=' ' ind2=' ' tag='ITM'><subfield code='r'>22251595400003811</subfield><subfield code='b'>1</subfield><subfield code='h'>0</subfield><subfield code='g'>stacks</subfield><subfield code='t'>ELEC</subfield><subfield code='9'>39074014262513</subfield><subfield code='e'>stacks</subfield><subfield code='8'>23251595390003811</subfield><subfield code='a'>0</subfield><subfield code='q'>2017-06-20 06:38:11</subfield><subfield code='i'>QA76 .L43x v.1666</subfield><subfield code='d'>MAIN</subfield><subfield code='f'>MAIN</subfield></datafield></record>