
  <record xmlns='http://www.loc.gov/MARC21/slim'><leader>01867nam a2200457 a 4500</leader><controlfield tag='005'>20170825174940.0</controlfield><controlfield tag='007'>cr unu||||||||               </controlfield><controlfield tag='008'>011008s2001    gw a     b    001 0 eng  </controlfield><controlfield tag='001'>991025838669703811</controlfield><datafield ind1=' ' ind2=' ' tag='010'><subfield code='a'>2001049363</subfield></datafield><datafield ind1=' ' ind2=' ' tag='020'><subfield code='a'>3540424563 (pbk. : alk. paper)</subfield></datafield><datafield ind1=' ' ind2=' ' tag='035'><subfield code='a'>(PPT)b24422290-01tuli_inst</subfield></datafield><datafield ind1=' ' ind2=' ' tag='035'><subfield code='a'>(CStRLIN)ocn487233322</subfield><subfield code='9'>ExL</subfield></datafield><datafield ind1=' ' ind2=' ' tag='035'><subfield code='a'>PATG01-B11952</subfield></datafield><datafield ind1=' ' ind2=' ' tag='035'><subfield code='a'>ocn187549336</subfield></datafield><datafield ind1=' ' ind2=' ' tag='035'><subfield code='a'>(OCLC)ocn187549336</subfield></datafield><datafield ind1=' ' ind2=' ' tag='040'><subfield code='a'>DLC</subfield><subfield code='c'>DLC</subfield><subfield code='d'>PPT</subfield></datafield><datafield ind1=' ' ind2=' ' tag='042'><subfield code='a'>pcc</subfield></datafield><datafield ind1=' ' ind2=' ' tag='079'><subfield code='a'>ocn187549336</subfield></datafield><datafield ind1=' ' ind2=' ' tag='090'><subfield code='a'>QA76</subfield><subfield code='b'>.L43x v.2139</subfield></datafield><datafield ind1='2' ind2=' ' tag='111'><subfield code='a'>CRYPTO 2001</subfield><subfield code='d'>(2001 :</subfield><subfield code='c'>Santa Barbara, Calif.)</subfield></datafield><datafield ind1='1' ind2='0' tag='245'><subfield code='a'>Advances in cryptology - CRYPTO 2001 :</subfield><subfield code='b'>21st Annual International Cryptology Conference, Santa Barbara, California, USA, August 19-23,2001: proceedings /</subfield><subfield code='c'>Joe Kilian (ed.).</subfield></datafield><datafield ind1=' ' ind2=' ' tag='260'><subfield code='a'>Berlin ;</subfield><subfield code='a'>New York :</subfield><subfield code='b'>Springer,</subfield><subfield code='c'>c2001.</subfield></datafield><datafield ind1=' ' ind2=' ' tag='300'><subfield code='a'>xi, 598 p. :</subfield><subfield code='b'>ill. ;</subfield><subfield code='c'>24 cm.</subfield></datafield><datafield ind1=' ' ind2='0' tag='440'><subfield code='a'>Lecture notes in computer science ;</subfield><subfield code='v'>2139.</subfield></datafield><datafield ind1=' ' ind2=' ' tag='590'><subfield code='a'>Access to electronic version is available to the Temple Community through use of a networked computer with a Temple IP address.</subfield></datafield><datafield ind1=' ' ind2=' ' tag='530'><subfield code='a'>Also in electronic version made available by LINK (Online service).</subfield></datafield><datafield ind1=' ' ind2=' ' tag='504'><subfield code='a'>Includes bibliographical references and index.</subfield></datafield><datafield ind1=' ' ind2='0' tag='650'><subfield code='a'>Computer security</subfield><subfield code='v'>Congresses.</subfield></datafield><datafield ind1=' ' ind2='0' tag='650'><subfield code='a'>Cryptography</subfield><subfield code='v'>Congresses.</subfield></datafield><datafield ind1='1' ind2=' ' tag='700'><subfield code='a'>Kilian, Joe.</subfield></datafield><datafield ind1='2' ind2=' ' tag='710'><subfield code='a'>LINK (Online service)</subfield></datafield><datafield ind1='4' ind2='1' tag='856'><subfield code='z'>Access full text online via Springer.</subfield><subfield code='u'>http://libproxy.temple.edu/login?url=http://www.springerlink.com/link.asp?id=7nqpv3vmgmrl  </subfield></datafield><datafield ind1=' ' ind2='1' tag='901'><subfield code='i'>39074014771810</subfield><subfield code='l'>pstk</subfield><subfield code='a'>QA76</subfield><subfield code='b'>.L43x v.2139</subfield><subfield code='s'>-</subfield><subfield code='t'>0</subfield><subfield code='z'>090</subfield></datafield><datafield ind1=' ' ind2=' ' tag='902'><subfield code='a'>100114</subfield></datafield><datafield ind1=' ' ind2=' ' tag='907'><subfield code='a'>.b24422290</subfield><subfield code='b'>p    </subfield><subfield code='c'>-</subfield></datafield><datafield ind1=' ' ind2=' ' tag='945'><subfield code='l'>pstk </subfield><subfield code='g'>1</subfield></datafield><datafield ind1=' ' ind2=' ' tag='950'><subfield code='l'>P</subfield></datafield><datafield ind1=' ' ind2=' ' tag='979'><subfield code='a'>ocn187549336</subfield></datafield><datafield ind1=' ' ind2=' ' tag='998'><subfield code='b'>1</subfield><subfield code='c'>011009</subfield><subfield code='d'>m</subfield><subfield code='e'>m</subfield><subfield code='f'>-</subfield><subfield code='g'>0</subfield></datafield><datafield ind1=' ' ind2=' ' tag='998'><subfield code='a'>10/08/01</subfield><subfield code='t'>c</subfield><subfield code='s'>9110</subfield><subfield code='l'>PATG</subfield><subfield code='n'>PPT</subfield><subfield code='w'>DCLC2001049363B</subfield><subfield code='d'>10/08/01</subfield><subfield code='b'>JL</subfield></datafield><datafield ind1=' ' ind2=' ' tag='ADM'><subfield code='b'>2017-08-25 21:49:40</subfield><subfield code='e'>b24422290-01tuli_inst</subfield><subfield code='d'>ILS</subfield><subfield code='a'>2017-06-20 06:05:24</subfield><subfield code='c'>false</subfield></datafield><datafield ind1='0' ind2=' ' tag='HLD'><subfield code='b'>MAIN</subfield><subfield code='c'>stacks</subfield><subfield code='h'>QA76</subfield><subfield code='i'>.L43x v.2139</subfield><subfield code='8'>22241108360003811</subfield></datafield><datafield ind1=' ' ind2=' ' tag='ITM'><subfield code='r'>22241108360003811</subfield><subfield code='b'>1</subfield><subfield code='h'>0</subfield><subfield code='g'>stacks</subfield><subfield code='t'>ELEC</subfield><subfield code='9'>39074014771810</subfield><subfield code='e'>stacks</subfield><subfield code='8'>23241108350003811</subfield><subfield code='a'>0</subfield><subfield code='q'>2017-06-20 06:05:24</subfield><subfield code='i'>QA76 .L43x v.2139</subfield><subfield code='d'>MAIN</subfield><subfield code='f'>MAIN</subfield></datafield></record>