
  <record xmlns='http://www.loc.gov/MARC21/slim'><leader>01871nam a2200469 a 4500</leader><controlfield tag='005'>20170825235737.0</controlfield><controlfield tag='007'>cr unu||||||||              </controlfield><controlfield tag='008'>920116s1991    gw a     b    00110 eng  </controlfield><controlfield tag='001'>991028562709703811</controlfield><datafield ind1=' ' ind2=' ' tag='010'><subfield code='a'>91029161</subfield></datafield><datafield ind1=' ' ind2=' ' tag='020'><subfield code='a'>3540545085 (Berlin)</subfield></datafield><datafield ind1=' ' ind2=' ' tag='020'><subfield code='a'>0387545085 (New York)</subfield></datafield><datafield ind1=' ' ind2=' ' tag='035'><subfield code='a'>(PPT)b15884454-01tuli_inst</subfield></datafield><datafield ind1=' ' ind2=' ' tag='035'><subfield code='a'>ocn476746010</subfield><subfield code='9'>ExL</subfield></datafield><datafield ind1=' ' ind2=' ' tag='035'><subfield code='a'>PATG92-B01399</subfield></datafield><datafield ind1=' ' ind2=' ' tag='035'><subfield code='a'>ocm24377528</subfield></datafield><datafield ind1=' ' ind2=' ' tag='035'><subfield code='a'>(OCLC)ocm24377528</subfield></datafield><datafield ind1=' ' ind2=' ' tag='040'><subfield code='a'>DLC</subfield><subfield code='c'>DLC</subfield><subfield code='d'>PPT</subfield></datafield><datafield ind1=' ' ind2=' ' tag='079'><subfield code='a'>ocm24377528</subfield></datafield><datafield ind1=' ' ind2=' ' tag='090'><subfield code='a'>QA76.L43x v.537</subfield></datafield><datafield ind1='2' ind2=' ' tag='111'><subfield code='a'>CRYPTO &apos;90</subfield><subfield code='d'>(1990 :</subfield><subfield code='c'>University of California, Santa Barbara)</subfield></datafield><datafield ind1='1' ind2='0' tag='245'><subfield code='a'>Advances in cryptology--CRYPTO &apos;90 :</subfield><subfield code='b'>proceedings /</subfield><subfield code='c'>A.J. Menezes, S.A. Vanstone, eds.</subfield></datafield><datafield ind1=' ' ind2=' ' tag='260'><subfield code='a'>Berlin ;</subfield><subfield code='a'>New York :</subfield><subfield code='b'>Springer-Verlag,</subfield><subfield code='c'>1991.</subfield></datafield><datafield ind1=' ' ind2=' ' tag='300'><subfield code='a'>xiii, 643 p. :</subfield><subfield code='b'>ill. ;</subfield><subfield code='c'>25 cm.</subfield></datafield><datafield ind1=' ' ind2='0' tag='440'><subfield code='a'>Lecture notes in computer science ;</subfield><subfield code='v'>537</subfield></datafield><datafield ind1=' ' ind2=' ' tag='500'><subfield code='a'>Conference held Aug. 11-15, 1990, at the University of California, Santa Barbara.</subfield></datafield><datafield ind1=' ' ind2=' ' tag='500'><subfield code='a'>Includes index.</subfield></datafield><datafield ind1=' ' ind2=' ' tag='590'><subfield code='a'>Access to electronic version is available to the Temple Community through use of a networked computer with a Temple IP address.</subfield></datafield><datafield ind1=' ' ind2=' ' tag='530'><subfield code='a'>Also in electronic version made available by LINK (Online service).</subfield></datafield><datafield ind1=' ' ind2='0' tag='650'><subfield code='a'>Computers</subfield><subfield code='x'>Access control</subfield><subfield code='x'>Congresses.</subfield></datafield><datafield ind1=' ' ind2='0' tag='650'><subfield code='a'>Cryptography</subfield><subfield code='x'>Congresses.</subfield></datafield><datafield ind1='1' ind2='0' tag='700'><subfield code='a'>Menezes, A. J.</subfield><subfield code='q'>(Alfred J.),</subfield><subfield code='d'>1965-</subfield></datafield><datafield ind1='1' ind2='0' tag='700'><subfield code='a'>Vanstone, Scott A.</subfield></datafield><datafield ind1='2' ind2=' ' tag='710'><subfield code='a'>LINK (Online service)</subfield></datafield><datafield ind1='4' ind2='1' tag='856'><subfield code='z'>Access full text online via Springer.</subfield><subfield code='u'>http://libproxy.temple.edu/login?url=http://www.springerlink.com/link.asp?id=h69y8k0yf94h  </subfield></datafield><datafield ind1=' ' ind2=' ' tag='902'><subfield code='a'>091221</subfield></datafield><datafield ind1=' ' ind2=' ' tag='907'><subfield code='a'>.b15884454</subfield><subfield code='b'>p    </subfield><subfield code='c'>-</subfield></datafield><datafield ind1=' ' ind2=' ' tag='935'><subfield code='a'>00644434</subfield></datafield><datafield ind1=' ' ind2=' ' tag='945'><subfield code='l'>pstk </subfield><subfield code='g'>1</subfield></datafield><datafield ind1=' ' ind2=' ' tag='979'><subfield code='a'>ocm24377528</subfield></datafield><datafield ind1=' ' ind2=' ' tag='998'><subfield code='b'>1</subfield><subfield code='c'>990101</subfield><subfield code='d'>m</subfield><subfield code='e'>m</subfield><subfield code='f'>-</subfield><subfield code='g'>0</subfield></datafield><datafield ind1=' ' ind2=' ' tag='998'><subfield code='a'>01/16/92</subfield><subfield code='t'>c</subfield><subfield code='s'>9110</subfield><subfield code='n'>PPT</subfield><subfield code='w'>RIBG92B959</subfield><subfield code='d'>01/16/92</subfield><subfield code='c'>MJ</subfield><subfield code='b'>AT</subfield><subfield code='i'>920116</subfield><subfield code='l'>PATG</subfield></datafield><datafield ind1=' ' ind2=' ' tag='ADM'><subfield code='b'>2017-08-26 03:57:37</subfield><subfield code='e'>b15884454-01tuli_inst</subfield><subfield code='d'>ILS</subfield><subfield code='a'>2017-06-20 10:00:05</subfield><subfield code='c'>false</subfield></datafield><datafield ind1='0' ind2=' ' tag='HLD'><subfield code='b'>MAIN</subfield><subfield code='c'>stacks</subfield><subfield code='h'>QA76.L43x v.537</subfield><subfield code='8'>22299033500003811</subfield></datafield><datafield ind1=' ' ind2=' ' tag='ITM'><subfield code='r'>22299033500003811</subfield><subfield code='b'>1</subfield><subfield code='h'>0</subfield><subfield code='g'>stacks</subfield><subfield code='t'>ELEC</subfield><subfield code='9'>39074008496473</subfield><subfield code='e'>stacks</subfield><subfield code='8'>23299033490003811</subfield><subfield code='a'>0</subfield><subfield code='q'>2017-06-20 10:00:05</subfield><subfield code='i'>QA76.L43x v.537</subfield><subfield code='d'>MAIN</subfield><subfield code='f'>MAIN</subfield></datafield></record>