
  <record xmlns='http://www.loc.gov/MARC21/slim'><leader>01877nam  2200385 a 4500</leader><controlfield tag='001'>991036741201603811</controlfield><controlfield tag='005'>20170815122907.0</controlfield><controlfield tag='006'>m     o  d |      </controlfield><controlfield tag='007'>cr -n---------</controlfield><controlfield tag='008'>070109s2007    inuab   ob    001 0ceng  </controlfield><datafield ind1=' ' ind2=' ' tag='010'><subfield code='z'>  2007000631</subfield></datafield><datafield ind1=' ' ind2=' ' tag='020'><subfield code='a'>1-282-07836-4</subfield></datafield><datafield ind1=' ' ind2=' ' tag='020'><subfield code='a'>9786612078361</subfield></datafield><datafield ind1=' ' ind2=' ' tag='020'><subfield code='a'>0-253-11691-0</subfield></datafield><datafield ind1=' ' ind2=' ' tag='035'><subfield code='a'>(CKB)1000000000484655</subfield></datafield><datafield ind1=' ' ind2=' ' tag='035'><subfield code='a'>(EBL)329987</subfield></datafield><datafield ind1=' ' ind2=' ' tag='035'><subfield code='a'>(OCoLC)437198366</subfield></datafield><datafield ind1=' ' ind2=' ' tag='035'><subfield code='a'>(SSID)ssj0000141896</subfield></datafield><datafield ind1=' ' ind2=' ' tag='035'><subfield code='a'>(PQKBManifestationID)11911837</subfield></datafield><datafield ind1=' ' ind2=' ' tag='035'><subfield code='a'>(PQKBTitleCode)TC0000141896</subfield></datafield><datafield ind1=' ' ind2=' ' tag='035'><subfield code='a'>(PQKBWorkID)10090289</subfield></datafield><datafield ind1=' ' ind2=' ' tag='035'><subfield code='a'>(PQKB)11402101</subfield></datafield><datafield ind1=' ' ind2=' ' tag='035'><subfield code='a'>(MiAaPQ)EBC329987</subfield></datafield><datafield ind1=' ' ind2=' ' tag='035'><subfield code='a'>(EXLCZ)991000000000484655</subfield></datafield><datafield ind1=' ' ind2=' ' tag='040'><subfield code='a'>MiAaPQ</subfield><subfield code='c'>MiAaPQ</subfield><subfield code='d'>MiAaPQ</subfield></datafield><datafield ind1=' ' ind2=' ' tag='041'><subfield code='a'>eng</subfield></datafield><datafield ind1=' ' ind2=' ' tag='043'><subfield code='a'>s------</subfield><subfield code='a'>e-sp---</subfield><subfield code='a'>e-po---</subfield></datafield><datafield ind1=' ' ind2='4' tag='050'><subfield code='a'>F1419.J4</subfield><subfield code='b'>B63 2007</subfield></datafield><datafield ind1='0' ind2='0' tag='082'><subfield code='a'>296.8/2</subfield></datafield><datafield ind1='1' ind2=' ' tag='100'><subfield code='a'>Bodian, Miriam,</subfield><subfield code='d'>1948-</subfield></datafield><datafield ind1='1' ind2='0' tag='245'><subfield code='a'>Dying in the law of Moses</subfield><subfield code='h'>[electronic resource] :</subfield><subfield code='b'>crypto-Jewish martyrdom in the Iberian world /</subfield><subfield code='c'>Miriam Bodian.</subfield></datafield><datafield ind1=' ' ind2=' ' tag='260'><subfield code='a'>Bloomington :</subfield><subfield code='b'>Indiana University Press,</subfield><subfield code='c'>c2007.</subfield></datafield><datafield ind1=' ' ind2=' ' tag='300'><subfield code='a'>1 online resource (300 p.)</subfield></datafield><datafield ind1=' ' ind2=' ' tag='336'><subfield code='a'>text</subfield><subfield code='b'>txt</subfield></datafield><datafield ind1=' ' ind2=' ' tag='337'><subfield code='a'>computer</subfield><subfield code='b'>c</subfield></datafield><datafield ind1=' ' ind2=' ' tag='338'><subfield code='a'>online resource</subfield><subfield code='b'>cr</subfield></datafield><datafield ind1='0' ind2=' ' tag='490'><subfield code='a'>The modern Jewish experience</subfield></datafield><datafield ind1=' ' ind2=' ' tag='500'><subfield code='a'>Description based upon print version of record.</subfield></datafield><datafield ind1=' ' ind2=' ' tag='520'><subfield code='a'>Miriam Bodian&apos;s study of crypto-Jewish martyrdom in Iberian lands depicts                a new type of martyr that emerged in the late 16th century -- a defiant, educated                judaizing martyr who engaged in disputes with inquisitors. By examining closely the                Inquisition dossiers of four men who were tried in the Iberian peninsula or Spanish                America and who developed judaizing theologies that drew from currents of                Reformation thinking that emphasized the authority of Scripture and the religious                autonomy of individual inte</subfield></datafield><datafield ind1=' ' ind2=' ' tag='546'><subfield code='a'>English</subfield></datafield><datafield ind1='0' ind2=' ' tag='505'><subfield code='a'>The historical setting -- The dogmatista crypto-Jewish martyrs -- A conquistador&apos;s nephew in New Spain -- A monk of Castanheira -- A Converso surgeon in the Viceroyalty of Peru -- A Hebrew scholar at the University of Salamanca -- Echoes in the Portuguese-Jewish diaspora.</subfield></datafield><datafield ind1=' ' ind2=' ' tag='504'><subfield code='a'>Includes bibliographical references (p. 253-268) and index.</subfield></datafield><datafield ind1=' ' ind2='0' tag='650'><subfield code='a'>Marranos</subfield><subfield code='z'>Latin America</subfield><subfield code='v'>Biography.</subfield></datafield><datafield ind1=' ' ind2='0' tag='650'><subfield code='a'>Marranos</subfield><subfield code='z'>Spain</subfield><subfield code='v'>Biography.</subfield></datafield><datafield ind1=' ' ind2='0' tag='650'><subfield code='a'>Marranos</subfield><subfield code='z'>Portugal</subfield><subfield code='v'>Biography.</subfield></datafield><datafield ind1=' ' ind2='0' tag='650'><subfield code='a'>Jews</subfield><subfield code='x'>Persecutions</subfield><subfield code='z'>Latin America</subfield><subfield code='x'>History</subfield><subfield code='y'>16th century.</subfield></datafield><datafield ind1=' ' ind2='0' tag='650'><subfield code='a'>Jews</subfield><subfield code='x'>Persecutions</subfield><subfield code='z'>Latin America</subfield><subfield code='x'>History</subfield><subfield code='y'>17th century.</subfield></datafield><datafield ind1=' ' ind2='0' tag='650'><subfield code='a'>Jews</subfield><subfield code='x'>Persecutions</subfield><subfield code='z'>Spain</subfield><subfield code='x'>History</subfield><subfield code='y'>16th century.</subfield></datafield><datafield ind1=' ' ind2='0' tag='650'><subfield code='a'>Jews</subfield><subfield code='x'>Persecutions</subfield><subfield code='z'>Spain</subfield><subfield code='x'>History</subfield><subfield code='y'>17th century.</subfield></datafield><datafield ind1=' ' ind2='0' tag='650'><subfield code='a'>Jews</subfield><subfield code='x'>Persecutions</subfield><subfield code='z'>Portugal</subfield><subfield code='x'>History</subfield><subfield code='y'>16th century.</subfield></datafield><datafield ind1=' ' ind2='0' tag='650'><subfield code='a'>Jews</subfield><subfield code='x'>Persecutions</subfield><subfield code='z'>Portugal</subfield><subfield code='x'>History</subfield><subfield code='y'>17th century.</subfield></datafield><datafield ind1=' ' ind2='4' tag='655'><subfield code='a'>Electronic books.</subfield></datafield><datafield ind1=' ' ind2=' ' tag='776'><subfield code='z'>0-253-34861-7</subfield></datafield><datafield ind1=' ' ind2=' ' tag='906'><subfield code='a'>BOOK</subfield></datafield><datafield ind1=' ' ind2=' ' tag='PRT'><subfield code='a'>53395843240003811</subfield><subfield code='b'>https://sandbox01-na.alma.exlibrisgroup.com/view/uresolver/01TULI_INST/openurl?u.ignore_date_coverage=true&amp;rft.mms_id=991036741201603811</subfield><subfield code='e'>EBSCOhost</subfield><subfield code='c'>EBSCOhost eBook Community College Collection</subfield><subfield code='h'>613860000000000003</subfield><subfield code='8'>53395843240003811</subfield></datafield><datafield ind1=' ' ind2=' ' tag='PRT'><subfield code='a'>53393611110003811</subfield><subfield code='b'>https://sandbox01-na.alma.exlibrisgroup.com/view/uresolver/01TULI_INST/openurl?u.ignore_date_coverage=true&amp;rft.mms_id=991036741201603811</subfield><subfield code='e'>EBSCOhost</subfield><subfield code='c'>EBSCOhost Academic eBook Collection (North America)</subfield><subfield code='h'>613640000000000029</subfield><subfield code='8'>53393611110003811</subfield></datafield><datafield ind1=' ' ind2=' ' tag='PRT'><subfield code='a'>53420583490003811</subfield><subfield code='b'>https://sandbox01-na.alma.exlibrisgroup.com/view/uresolver/01TULI_INST/openurl?u.ignore_date_coverage=true&amp;rft.mms_id=991036741201603811</subfield><subfield code='e'>Ebook Central</subfield><subfield code='c'>Ebook Central Academic Complete</subfield><subfield code='h'>614200000000000002</subfield><subfield code='8'>53420583490003811</subfield></datafield></record>