
  <record xmlns='http://www.loc.gov/MARC21/slim'><leader>01881nam a2200445 a 4500</leader><controlfield tag='005'>20170825173939.0</controlfield><controlfield tag='007'>cr unu||||||||              </controlfield><controlfield tag='008'>940601s1994    gw a     b    101 0 eng  </controlfield><controlfield tag='001'>991032305149703811</controlfield><datafield ind1=' ' ind2=' ' tag='010'><subfield code='a'>94000069</subfield></datafield><datafield ind1=' ' ind2=' ' tag='020'><subfield code='a'>3540577661 (Berlin)</subfield></datafield><datafield ind1=' ' ind2=' ' tag='020'><subfield code='a'>0387577661 (New York)</subfield></datafield><datafield ind1=' ' ind2=' ' tag='035'><subfield code='a'>(PPT)b16636429-01tuli_inst</subfield></datafield><datafield ind1=' ' ind2=' ' tag='035'><subfield code='a'>(CStRLIN)ocn476569332</subfield><subfield code='9'>ExL</subfield></datafield><datafield ind1=' ' ind2=' ' tag='035'><subfield code='a'>PATG94-B13580</subfield></datafield><datafield ind1=' ' ind2=' ' tag='035'><subfield code='a'>ocm29670234</subfield></datafield><datafield ind1=' ' ind2=' ' tag='035'><subfield code='a'>(OCLC)ocm29670234</subfield></datafield><datafield ind1=' ' ind2=' ' tag='040'><subfield code='a'>DLC</subfield><subfield code='c'>DLC</subfield><subfield code='d'>RPB</subfield></datafield><datafield ind1=' ' ind2=' ' tag='079'><subfield code='a'>ocm29670234</subfield></datafield><datafield ind1=' ' ind2=' ' tag='090'><subfield code='a'>QA76.L43x v.773</subfield></datafield><datafield ind1='2' ind2=' ' tag='111'><subfield code='a'>CRYPTO &apos;93</subfield><subfield code='d'>(1993 :</subfield><subfield code='c'>University of California, Santa Barbara)</subfield></datafield><datafield ind1='1' ind2='0' tag='245'><subfield code='a'>Advances in cryptology, CRYPTO &apos;93 :</subfield><subfield code='b'>13th annual international cryptology conference, Santa Barbara, California, USA, August 22-26, 1993 : proceedings /</subfield><subfield code='c'>Douglas R. Stinson (ed.).</subfield></datafield><datafield ind1=' ' ind2=' ' tag='260'><subfield code='a'>Berlin ;</subfield><subfield code='a'>New York :</subfield><subfield code='b'>Springer-Verlag,</subfield><subfield code='c'>c1994.</subfield></datafield><datafield ind1=' ' ind2=' ' tag='300'><subfield code='a'>x, 491 p. :</subfield><subfield code='b'>ill. ;</subfield><subfield code='c'>24 cm.</subfield></datafield><datafield ind1=' ' ind2='0' tag='440'><subfield code='a'>Lecture notes in computer science ;</subfield><subfield code='v'>773</subfield></datafield><datafield ind1=' ' ind2=' ' tag='504'><subfield code='a'>Includes bibliographical references and index.</subfield></datafield><datafield ind1=' ' ind2=' ' tag='590'><subfield code='a'>Access to electronic version is available to the Temple Community through use of a networked computer with a Temple IP address.</subfield></datafield><datafield ind1=' ' ind2=' ' tag='530'><subfield code='a'>Also in electronic version made available by LINK (Online service).</subfield></datafield><datafield ind1=' ' ind2='0' tag='650'><subfield code='a'>Computers</subfield><subfield code='x'>Access control</subfield><subfield code='x'>Congresses.</subfield></datafield><datafield ind1=' ' ind2='0' tag='650'><subfield code='a'>Cryptography</subfield><subfield code='x'>Congresses.</subfield></datafield><datafield ind1='1' ind2='0' tag='700'><subfield code='a'>Stinson, Douglas R.</subfield><subfield code='q'>(Douglas Robert),</subfield><subfield code='d'>1956-</subfield></datafield><datafield ind1='2' ind2=' ' tag='710'><subfield code='a'>LINK (Online service)</subfield></datafield><datafield ind1='4' ind2='1' tag='856'><subfield code='z'>Access full text online via Springer.</subfield><subfield code='u'>http://libproxy.temple.edu/login?url=http://www.springerlink.com/link.asp?id=6l51g5gmhkvf  </subfield></datafield><datafield ind1=' ' ind2=' ' tag='902'><subfield code='a'>091221</subfield></datafield><datafield ind1=' ' ind2=' ' tag='907'><subfield code='a'>.b16636429</subfield><subfield code='b'>p    </subfield><subfield code='c'>-</subfield></datafield><datafield ind1=' ' ind2=' ' tag='935'><subfield code='a'>00723856</subfield></datafield><datafield ind1=' ' ind2=' ' tag='945'><subfield code='l'>pstk </subfield><subfield code='g'>1</subfield></datafield><datafield ind1=' ' ind2=' ' tag='979'><subfield code='a'>ocm29670234</subfield></datafield><datafield ind1=' ' ind2=' ' tag='998'><subfield code='b'>1</subfield><subfield code='c'>990101</subfield><subfield code='d'>m</subfield><subfield code='e'>m</subfield><subfield code='f'>-</subfield><subfield code='g'>0</subfield></datafield><datafield ind1=' ' ind2=' ' tag='998'><subfield code='a'>06/01/94</subfield><subfield code='t'>c</subfield><subfield code='s'>9110</subfield><subfield code='n'>PPT</subfield><subfield code='w'>RIBG94B9909</subfield><subfield code='d'>06/01/94</subfield><subfield code='c'>EC</subfield><subfield code='b'>AT</subfield><subfield code='i'>940601</subfield><subfield code='l'>PATG</subfield></datafield><datafield ind1=' ' ind2=' ' tag='ADM'><subfield code='b'>2017-08-25 21:39:39</subfield><subfield code='e'>b16636429-01tuli_inst</subfield><subfield code='d'>ILS</subfield><subfield code='a'>2017-06-20 13:21:53</subfield><subfield code='c'>false</subfield></datafield><datafield ind1='0' ind2=' ' tag='HLD'><subfield code='b'>MAIN</subfield><subfield code='c'>stacks</subfield><subfield code='h'>QA76.L43x v.773</subfield><subfield code='8'>22324462150003811</subfield></datafield><datafield ind1=' ' ind2=' ' tag='ITM'><subfield code='r'>22324462150003811</subfield><subfield code='b'>1</subfield><subfield code='h'>0</subfield><subfield code='g'>stacks</subfield><subfield code='t'>ELEC</subfield><subfield code='9'>39074009394446</subfield><subfield code='e'>stacks</subfield><subfield code='8'>23324462140003811</subfield><subfield code='a'>0</subfield><subfield code='q'>2017-06-20 13:21:53</subfield><subfield code='i'>QA76.L43x v.773</subfield><subfield code='d'>MAIN</subfield><subfield code='f'>MAIN</subfield></datafield></record>