
  <record xmlns='http://www.loc.gov/MARC21/slim'><leader>01925nam  2200469 a 4500</leader><controlfield tag='001'>991036741984303811</controlfield><controlfield tag='005'>20170809171632.0</controlfield><controlfield tag='006'>m     o  d |      </controlfield><controlfield tag='007'>cr -n---------</controlfield><controlfield tag='008'>090305m20099999ne a    ob    101 0 eng  </controlfield><datafield ind1=' ' ind2=' ' tag='010'><subfield code='z'>  2009009617</subfield></datafield><datafield ind1=' ' ind2=' ' tag='015'><subfield code='a'>GBA945641</subfield><subfield code='2'>bnb</subfield></datafield><datafield ind1='7' ind2=' ' tag='016'><subfield code='z'>015176022</subfield><subfield code='2'>Uk</subfield></datafield><datafield ind1=' ' ind2=' ' tag='020'><subfield code='a'>1-282-40117-3</subfield></datafield><datafield ind1=' ' ind2=' ' tag='020'><subfield code='a'>9786612401176</subfield></datafield><datafield ind1=' ' ind2=' ' tag='020'><subfield code='a'>90-474-2897-8</subfield></datafield><datafield ind1=' ' ind2=' ' tag='035'><subfield code='a'>(CKB)1000000000821826</subfield></datafield><datafield ind1=' ' ind2=' ' tag='035'><subfield code='a'>(EBL)468156</subfield></datafield><datafield ind1=' ' ind2=' ' tag='035'><subfield code='a'>(OCoLC)570375494</subfield></datafield><datafield ind1=' ' ind2=' ' tag='035'><subfield code='a'>(SSID)ssj0000336208</subfield></datafield><datafield ind1=' ' ind2=' ' tag='035'><subfield code='a'>(PQKBManifestationID)11245446</subfield></datafield><datafield ind1=' ' ind2=' ' tag='035'><subfield code='a'>(PQKBTitleCode)TC0000336208</subfield></datafield><datafield ind1=' ' ind2=' ' tag='035'><subfield code='a'>(PQKBWorkID)10281721</subfield></datafield><datafield ind1=' ' ind2=' ' tag='035'><subfield code='a'>(PQKB)10748932</subfield></datafield><datafield ind1=' ' ind2=' ' tag='035'><subfield code='a'>(MiAaPQ)EBC468156</subfield></datafield><datafield ind1=' ' ind2=' ' tag='035'><subfield code='a'>(EXLCZ)991000000000821826</subfield></datafield><datafield ind1=' ' ind2=' ' tag='040'><subfield code='a'>MiAaPQ</subfield><subfield code='c'>MiAaPQ</subfield><subfield code='d'>MiAaPQ</subfield></datafield><datafield ind1=' ' ind2=' ' tag='041'><subfield code='a'>eng</subfield></datafield><datafield ind1=' ' ind2=' ' tag='043'><subfield code='a'>e-sp---</subfield></datafield><datafield ind1=' ' ind2='4' tag='050'><subfield code='a'>DS135.S7</subfield><subfield code='b'>C583 2009</subfield></datafield><datafield ind1='0' ind2='0' tag='082'><subfield code='a'>946/.004924</subfield></datafield><datafield ind1='1' ind2=' ' tag='100'><subfield code='a'>Ingram, K.</subfield></datafield><datafield ind1='0' ind2='4' tag='245'><subfield code='a'>The Conversos and Moriscos in late medieval Spain and beyond</subfield><subfield code='h'>[electronic resource] /</subfield><subfield code='c'>edited by Kevin Ingram.</subfield></datafield><datafield ind1=' ' ind2=' ' tag='260'><subfield code='a'>Leiden ;</subfield><subfield code='a'>Boston :</subfield><subfield code='b'>Brill,</subfield><subfield code='c'>2009-</subfield></datafield><datafield ind1=' ' ind2=' ' tag='300'><subfield code='a'>1 online resource (376 p.)</subfield></datafield><datafield ind1=' ' ind2=' ' tag='336'><subfield code='a'>text</subfield><subfield code='b'>txt</subfield></datafield><datafield ind1=' ' ind2=' ' tag='337'><subfield code='a'>computer</subfield><subfield code='b'>c</subfield></datafield><datafield ind1=' ' ind2=' ' tag='338'><subfield code='a'>online resource</subfield><subfield code='b'>cr</subfield></datafield><datafield ind1='1' ind2=' ' tag='490'><subfield code='a'>Studies in medieval and Reformation traditions ;</subfield><subfield code='v'>v. 141/1</subfield></datafield><datafield ind1='1' ind2=' ' tag='490'><subfield code='a'>Converso and Morisco studies ;</subfield><subfield code='v'>v. 1</subfield></datafield><datafield ind1=' ' ind2=' ' tag='500'><subfield code='a'>Description based upon print version of record.</subfield></datafield><datafield ind1='0' ind2=' ' tag='505'><subfield code='a'>Contents; Acknowledgements; Orientation Map; Introduction (Kevin Ingram); Chapter One. On the Concept of Mudejarism (Francisco Márquez Villanueva); Chapter Two. Seeking the Messiah: Converso Messianism in Post-1453 Valencia (Mark D. Meyerson); Chapter Three. &apos;If There Were God&apos;: The Problem of Unbelief in the Visión deleytable (Luis M. Girón-Negrón); Chapter Four. Converso &quot;&quot;Voices&quot;&quot; in Fift eenth- and Sixteenth-Century Spanish Literature (Elaine Wertheimer); Chapter Five. Berenjeneros: The Aubergine Eaters (Juan Gil)</subfield></datafield><datafield ind1='8' ind2=' ' tag='505'><subfield code='a'>Chapter Six. Sicilian Converts aft er the Expulsion: Inter-Community Relations, Acculturation and the Preservation of Group Identity (Nadia Zeldes)Chapter Seven. A Thorn in the Community: Popular Religious Practice and Converso Dissidence in the District of Molina de Aragón (Leonor Zozaya Montes); Chapter Eight. Inquisition and Crypto-Judaism: The &apos;Complicity&apos; of the Mora Family of Quintanar de la Orden (1588-1592) (Vincent Parello); Chapter Nine. Between Rumor and Resistance: The Andalucían Morisco &quot;&quot;Uprising&quot;&quot; of 1580 (Michel Boeglin)</subfield></datafield><datafield ind1='8' ind2=' ' tag='505'><subfield code='a'>Chapter Ten. Jerónimo Román de la Higuera and the Lead Books of Sacromonte (Mercedes García-Arenal and Fernando Rodríguez Mediano)Chapter Eleven. Maurophilia and the Morisco Subject (Barbara Fuchs); Chapter Twelve. Manzanares 1600: Moriscos from Granada Organize a Festival of &quot;&quot;Moors and Christians&quot;&quot; (William Childers); Chapter Thirteen. Sancho Panza and the Mimesis of Solomon: Medieval Jewish Traditions in Don Quijote (Francisco Peña Fernández); Chapter Fourteen. Historiography, Historicity and the Conversos (Kevin Ingram); Index</subfield></datafield><datafield ind1=' ' ind2=' ' tag='520'><subfield code='a'>Converso and Morisco are the terms applied to those Jews and Muslims who converted to Christianity (mostly under duress) in late medieval Spain. &quot;&quot;Converso and Moriscos Studies&quot;&quot; examines the manifold cultural implications of these mass convertions.</subfield></datafield><datafield ind1=' ' ind2=' ' tag='546'><subfield code='a'>English</subfield></datafield><datafield ind1=' ' ind2=' ' tag='504'><subfield code='a'>Includes bibliographical references and index.</subfield></datafield><datafield ind1=' ' ind2='0' tag='651'><subfield code='a'>Spain</subfield><subfield code='x'>Church history</subfield><subfield code='v'>Congresses</subfield></datafield><datafield ind1=' ' ind2='0' tag='650'><subfield code='a'>Marranos</subfield><subfield code='z'>Spain</subfield><subfield code='x'>History</subfield><subfield code='v'>Congresses.</subfield></datafield><datafield ind1=' ' ind2='0' tag='650'><subfield code='a'>Moriscos</subfield><subfield code='z'>Spain</subfield><subfield code='x'>History</subfield><subfield code='v'>Congresses.</subfield></datafield><datafield ind1=' ' ind2='0' tag='650'><subfield code='a'>Conversion</subfield><subfield code='x'>Christianity</subfield><subfield code='x'>History</subfield><subfield code='v'>Congresses.</subfield></datafield><datafield ind1=' ' ind2='0' tag='650'><subfield code='a'>Religious tolerance</subfield><subfield code='z'>Spain</subfield><subfield code='x'>History</subfield><subfield code='v'>Congresses.</subfield></datafield><datafield ind1=' ' ind2='0' tag='650'><subfield code='a'>Christianity</subfield><subfield code='z'>Spain</subfield><subfield code='v'>Congresses.</subfield></datafield><datafield ind1=' ' ind2='0' tag='650'><subfield code='a'>Nationalism</subfield><subfield code='z'>Spain</subfield><subfield code='x'>History</subfield><subfield code='v'>Congresses.</subfield></datafield><datafield ind1=' ' ind2='4' tag='655'><subfield code='a'>Electronic books.</subfield></datafield><datafield ind1=' ' ind2=' ' tag='776'><subfield code='z'>90-04-17553-9</subfield></datafield><datafield ind1='1' ind2=' ' tag='700'><subfield code='a'>Ingram, Kevin,</subfield><subfield code='d'>1956-</subfield></datafield><datafield ind1=' ' ind2='0' tag='830'><subfield code='a'>Studies in Medieval and Reformation Traditions, 141/1</subfield></datafield><datafield ind1=' ' ind2=' ' tag='906'><subfield code='a'>BOOK</subfield></datafield><datafield ind1=' ' ind2=' ' tag='PRT'><subfield code='a'>53393902620003811</subfield><subfield code='b'>https://sandbox01-na.alma.exlibrisgroup.com/view/uresolver/01TULI_INST/openurl?u.ignore_date_coverage=true&amp;rft.mms_id=991036741984303811</subfield><subfield code='e'>EBSCOhost</subfield><subfield code='c'>EBSCOhost Academic eBook Collection (North America)</subfield><subfield code='h'>613640000000000029</subfield><subfield code='8'>53393902620003811</subfield></datafield><datafield ind1=' ' ind2=' ' tag='PRT'><subfield code='a'>53396445470003811</subfield><subfield code='b'>https://sandbox01-na.alma.exlibrisgroup.com/view/uresolver/01TULI_INST/openurl?u.ignore_date_coverage=true&amp;rft.mms_id=991036741984303811</subfield><subfield code='e'>EBSCOhost</subfield><subfield code='c'>EBSCOhost eBook Community College Collection</subfield><subfield code='h'>613860000000000003</subfield><subfield code='8'>53396445470003811</subfield></datafield><datafield ind1=' ' ind2=' ' tag='PRT'><subfield code='a'>53420783350003811</subfield><subfield code='b'>https://sandbox01-na.alma.exlibrisgroup.com/view/uresolver/01TULI_INST/openurl?u.ignore_date_coverage=true&amp;rft.mms_id=991036741984303811</subfield><subfield code='e'>Ebook Central</subfield><subfield code='c'>Ebook Central Academic Complete</subfield><subfield code='h'>614200000000000002</subfield><subfield code='8'>53420783350003811</subfield></datafield><datafield ind1=' ' ind2=' ' tag='PRT'><subfield code='a'>53406662670003811</subfield><subfield code='b'>https://sandbox01-na.alma.exlibrisgroup.com/view/uresolver/01TULI_INST/openurl?u.ignore_date_coverage=true&amp;rft.mms_id=991036741984303811</subfield><subfield code='e'>EBSCOhost</subfield><subfield code='c'>eBook Religion Collection</subfield><subfield code='h'>613790000000001583</subfield><subfield code='8'>53406662670003811</subfield></datafield></record>