
  <record xmlns='http://www.loc.gov/MARC21/slim'><leader>01985cam a22004814a 4500</leader><controlfield tag='005'>20170825213830.0</controlfield><controlfield tag='008'>020122s2002    cau      b    001 0 eng  </controlfield><controlfield tag='001'>991034021899703811</controlfield><datafield ind1=' ' ind2=' ' tag='010'><subfield code='a'>2002000857</subfield></datafield><datafield ind1=' ' ind2=' ' tag='020'><subfield code='a'>0520235177 (Paper : alk. paper)</subfield></datafield><datafield ind1=' ' ind2=' ' tag='020'><subfield code='a'>0520233468 (Cloth : alk. paper)</subfield></datafield><datafield ind1=' ' ind2=' ' tag='035'><subfield code='a'>(PPT)b26246296-01tuli_inst</subfield></datafield><datafield ind1=' ' ind2=' ' tag='035'><subfield code='a'>(DLC)ocn489459963</subfield><subfield code='9'>ExL</subfield></datafield><datafield ind1=' ' ind2=' ' tag='035'><subfield code='a'>DLC  2002000857</subfield></datafield><datafield ind1=' ' ind2=' ' tag='035'><subfield code='a'>ocm48920842</subfield></datafield><datafield ind1=' ' ind2=' ' tag='035'><subfield code='a'>(OCLC)ocm48920842</subfield></datafield><datafield ind1=' ' ind2=' ' tag='040'><subfield code='a'>DLC</subfield><subfield code='c'>DLC</subfield><subfield code='d'>DLC</subfield></datafield><datafield ind1=' ' ind2=' ' tag='042'><subfield code='a'>pcc</subfield></datafield><datafield ind1=' ' ind2=' ' tag='043'><subfield code='a'>n-us---</subfield></datafield><datafield ind1=' ' ind2=' ' tag='079'><subfield code='a'>ocm48920842</subfield></datafield><datafield ind1=' ' ind2=' ' tag='090'><subfield code='a'>E184.36.E84</subfield><subfield code='b'>J33 2002</subfield></datafield><datafield ind1='1' ind2=' ' tag='100'><subfield code='a'>Jacobs, Janet Liebman.</subfield></datafield><datafield ind1='1' ind2='0' tag='245'><subfield code='a'>Hidden heritage :</subfield><subfield code='b'>the legacy of the Crypto-Jews /</subfield><subfield code='c'>Janet Liebman Jacobs.</subfield></datafield><datafield ind1=' ' ind2=' ' tag='260'><subfield code='a'>Berkeley ;</subfield><subfield code='a'>Los Angeles :</subfield><subfield code='b'>University of California Press,</subfield><subfield code='c'>c2002.</subfield></datafield><datafield ind1=' ' ind2=' ' tag='300'><subfield code='a'>x, 197 p. ;</subfield><subfield code='c'>24 cm.</subfield></datafield><datafield ind1=' ' ind2=' ' tag='504'><subfield code='a'>Includes bibliographical references (p. 155-185) and index.</subfield></datafield><datafield ind1='0' ind2=' ' tag='505'><subfield code='a'>Secrecy, antisemitism, and the dangers of Jewishness -- Women and the persistence of culture : ritual, custom, and the recovery of Sephardic ancestry -- The self-in-relation and the transformation of religious consciousness -- Syncretism and faith blending in modern Crypto-Judaism -- Conversion and the rekindling of the Jewish soul -- Jewish ancestry and the social construction of ethnic identity -- Conclusion. Ethnic loss and the future of Crypto-Jewish culture</subfield></datafield><datafield ind1=' ' ind2='0' tag='650'><subfield code='a'>Marranos</subfield><subfield code='z'>United States</subfield><subfield code='x'>History.</subfield></datafield><datafield ind1=' ' ind2='0' tag='650'><subfield code='a'>Jews</subfield><subfield code='z'>United States</subfield><subfield code='x'>History.</subfield></datafield><datafield ind1=' ' ind2='0' tag='650'><subfield code='a'>Marranos</subfield><subfield code='x'>Religious life.</subfield></datafield><datafield ind1=' ' ind2='0' tag='650'><subfield code='a'>Marranos</subfield><subfield code='x'>Social life and customs.</subfield></datafield><datafield ind1=' ' ind2='0' tag='650'><subfield code='a'>Jews</subfield><subfield code='x'>Identity.</subfield></datafield><datafield ind1=' ' ind2='0' tag='651'><subfield code='a'>United States</subfield><subfield code='x'>Ethnic relations.</subfield></datafield><datafield ind1=' ' ind2=' ' tag='901'><subfield code='a'>BNA</subfield></datafield><datafield ind1=' ' ind2=' ' tag='901'><subfield code='a'>R1325348</subfield></datafield><datafield ind1=' ' ind2=' ' tag='902'><subfield code='a'>110512</subfield></datafield><datafield ind1=' ' ind2=' ' tag='902'><subfield code='a'>030126AB0701</subfield></datafield><datafield ind1='0' ind2='0' tag='905'><subfield code='a'>S. Mark Taper Foundation imprint in Jewish studies</subfield></datafield><datafield ind1=' ' ind2=' ' tag='907'><subfield code='a'>.b26246296</subfield><subfield code='b'>p    </subfield><subfield code='c'>-</subfield></datafield><datafield ind1=' ' ind2=' ' tag='945'><subfield code='l'>pstk </subfield><subfield code='g'>1</subfield></datafield><datafield ind1=' ' ind2=' ' tag='979'><subfield code='a'>ocm48920842</subfield></datafield><datafield ind1=' ' ind2=' ' tag='998'><subfield code='b'>1</subfield><subfield code='c'>030218</subfield><subfield code='d'>m</subfield><subfield code='e'>a</subfield><subfield code='f'>-</subfield><subfield code='g'>0</subfield></datafield><datafield ind1=' ' ind2=' ' tag='998'><subfield code='b'>1</subfield><subfield code='c'>030218</subfield><subfield code='d'>m</subfield><subfield code='e'>a</subfield><subfield code='f'>-</subfield><subfield code='g'>0</subfield></datafield><datafield ind1=' ' ind2=' ' tag='ADM'><subfield code='b'>2017-08-26 01:38:30</subfield><subfield code='e'>b26246296-01tuli_inst</subfield><subfield code='d'>ILS</subfield><subfield code='a'>2017-06-20 06:03:29</subfield><subfield code='c'>false</subfield></datafield><datafield ind1='0' ind2=' ' tag='HLD'><subfield code='b'>MAIN</subfield><subfield code='c'>stacks</subfield><subfield code='h'>E184.36.E84</subfield><subfield code='i'>J33 2002</subfield><subfield code='8'>22240476360003811</subfield></datafield><datafield ind1=' ' ind2=' ' tag='ITM'><subfield code='r'>22240476360003811</subfield><subfield code='b'>1</subfield><subfield code='h'>0</subfield><subfield code='g'>stacks</subfield><subfield code='t'>BOOK</subfield><subfield code='9'>39074015501299</subfield><subfield code='e'>stacks</subfield><subfield code='8'>23240476230003811</subfield><subfield code='a'>0</subfield><subfield code='q'>2017-06-20 06:03:29</subfield><subfield code='i'>E184.36.E84 J33 2002</subfield><subfield code='d'>MAIN</subfield><subfield code='f'>MAIN</subfield></datafield></record>