
  <record xmlns='http://www.loc.gov/MARC21/slim'><leader>02015nam  2200445 i 4500</leader><controlfield tag='001'>991036732155603811</controlfield><controlfield tag='005'>20170821175950.0</controlfield><controlfield tag='006'>m     o  d |      </controlfield><controlfield tag='007'>cr -n---------</controlfield><controlfield tag='008'>140902t20142014njuao   ob    001 0 eng d</controlfield><datafield ind1=' ' ind2=' ' tag='020'><subfield code='a'>0-8135-6570-7</subfield></datafield><datafield ind1=' ' ind2=' ' tag='035'><subfield code='a'>(CKB)2550000001346335</subfield></datafield><datafield ind1=' ' ind2=' ' tag='035'><subfield code='a'>(EBL)1774123</subfield></datafield><datafield ind1=' ' ind2=' ' tag='035'><subfield code='a'>(SSID)ssj0001266380</subfield></datafield><datafield ind1=' ' ind2=' ' tag='035'><subfield code='a'>(PQKBManifestationID)11728376</subfield></datafield><datafield ind1=' ' ind2=' ' tag='035'><subfield code='a'>(PQKBTitleCode)TC0001266380</subfield></datafield><datafield ind1=' ' ind2=' ' tag='035'><subfield code='a'>(PQKBWorkID)11249300</subfield></datafield><datafield ind1=' ' ind2=' ' tag='035'><subfield code='a'>(PQKB)10810208</subfield></datafield><datafield ind1=' ' ind2=' ' tag='035'><subfield code='a'>(MiAaPQ)EBC1774123</subfield></datafield><datafield ind1=' ' ind2=' ' tag='035'><subfield code='a'>(EXLCZ)992550000001346335</subfield></datafield><datafield ind1=' ' ind2=' ' tag='040'><subfield code='a'>MiAaPQ</subfield><subfield code='b'>eng</subfield><subfield code='e'>rda</subfield><subfield code='e'>pn</subfield><subfield code='c'>MiAaPQ</subfield><subfield code='d'>MiAaPQ</subfield></datafield><datafield ind1=' ' ind2=' ' tag='041'><subfield code='a'>eng</subfield></datafield><datafield ind1=' ' ind2=' ' tag='043'><subfield code='a'>n-mx---</subfield></datafield><datafield ind1=' ' ind2='4' tag='050'><subfield code='a'>BM535</subfield><subfield code='b'>.H458 2014</subfield></datafield><datafield ind1='0' ind2='0' tag='082'><subfield code='a'>261.2/60972</subfield></datafield><datafield ind1='1' ind2=' ' tag='100'><subfield code='a'>Hernández, Marie Theresa,</subfield><subfield code='d'>1952-</subfield><subfield code='e'>author.</subfield></datafield><datafield ind1='1' ind2='4' tag='245'><subfield code='a'>The virgin of Guadalupe and the conversos :</subfield><subfield code='b'>uncovering hidden influences from Spain to Mexico /</subfield><subfield code='c'>Marie Theresa Hernández.</subfield></datafield><datafield ind1=' ' ind2='1' tag='264'><subfield code='a'>New Brunswick, New Jersey :</subfield><subfield code='b'>Rutgers University Press,</subfield><subfield code='c'>2014.</subfield></datafield><datafield ind1=' ' ind2='4' tag='264'><subfield code='c'>©2014</subfield></datafield><datafield ind1=' ' ind2=' ' tag='300'><subfield code='a'>1 online resource (274 p.)</subfield></datafield><datafield ind1=' ' ind2=' ' tag='336'><subfield code='a'>text</subfield><subfield code='b'>txt</subfield></datafield><datafield ind1=' ' ind2=' ' tag='337'><subfield code='a'>computer</subfield><subfield code='b'>c</subfield></datafield><datafield ind1=' ' ind2=' ' tag='338'><subfield code='a'>online resource</subfield><subfield code='b'>cr</subfield></datafield><datafield ind1='1' ind2=' ' tag='490'><subfield code='a'>Latinidad : Transnational Cultures in the United States</subfield></datafield><datafield ind1=' ' ind2=' ' tag='500'><subfield code='a'>Description based upon print version of record.</subfield></datafield><datafield ind1='0' ind2=' ' tag='505'><subfield code='a'>&quot;&quot;Series Page &quot;&quot;; &quot;&quot;Title Page &quot;&quot;; &quot;&quot;Copyright  &quot;&quot;; &quot;&quot;Contents &quot;&quot;; &quot;&quot;Acknowledgments&quot;&quot;; &quot;&quot;Note on Text&quot;&quot;; &quot;&quot;Introduction&quot;&quot;; &quot;&quot;1. Virgin of the Secret River&quot;&quot;; &quot;&quot;2. The Monks of the King: Los Monjes del Rey&quot;&quot;; &quot;&quot;3. Divine Splendor&quot;&quot;; &quot;&quot;4. Hebrew Truth: Hebraica veritas&quot;&quot;; &quot;&quot;5. The Sphinx: Carlos V, Escorial, and Benito Arias Montano&quot;&quot;; &quot;&quot;6. Miguel SÃ¡nchez, Guadalupe, and  the Inquisition&quot;&quot;; &quot;&quot;7. Madre Sion&quot;&quot;; &quot;&quot;Conclusion: Lost Narratives&quot;&quot;; &quot;&quot;Appendix A: From La interpretacion del Misterio Guadalupano by Manuel Espinosa de los Monteros, Part II, no. 6, fol. 2b&quot;&quot;</subfield></datafield><datafield ind1='8' ind2=' ' tag='505'><subfield code='a'>&quot;&quot;Appendix B: From El observador Guadalupano by Pio Saens (Manuel Espinosa de los Monteros?), n.p.&quot;&quot;&quot;&quot;Appendix C: Personages&quot;&quot;; &quot;&quot;Chronology&quot;&quot;; &quot;&quot;Notes&quot;&quot;; &quot;&quot;Glossary&quot;&quot;; &quot;&quot;Bibliography&quot;&quot;; &quot;&quot;Index&quot;&quot;; &quot;&quot;About the Author&quot;&quot;</subfield></datafield><datafield ind1=' ' ind2=' ' tag='520'><subfield code='a'>Hidden lives, hidden history, and hidden manuscripts. In The Virgin of Guadalupe and the Conversos, Marie-Theresa Hernández unmasks the secret lives of conversos and judaizantes and their likely influence on the Catholic Church in the New World.The terms converso and judaizante are often used for descendants of Spanish Jews (the Sephardi, or Sefarditas as they are sometimes called), who converted under duress to Christianity in the fourteenth and fifteenth centuries. There are few, if any, archival documents that prove the existence of judaizantes after the Spanish expulsion of the Jews in 149</subfield></datafield><datafield ind1=' ' ind2=' ' tag='546'><subfield code='a'>English</subfield></datafield><datafield ind1=' ' ind2=' ' tag='504'><subfield code='a'>Includes bibliographical references and index.</subfield></datafield><datafield ind1=' ' ind2=' ' tag='588'><subfield code='a'>Description based on print version record.</subfield></datafield><datafield ind1=' ' ind2='0' tag='650'><subfield code='a'>Christianity and other religions</subfield><subfield code='x'>Judaism.</subfield></datafield><datafield ind1=' ' ind2='0' tag='650'><subfield code='a'>Judaism</subfield><subfield code='x'>Relations</subfield><subfield code='x'>Christianity.</subfield></datafield><datafield ind1=' ' ind2='0' tag='650'><subfield code='a'>Crypto-Jews</subfield><subfield code='z'>Mexico</subfield><subfield code='x'>History</subfield><subfield code='y'>18th century.</subfield></datafield><datafield ind1=' ' ind2='0' tag='650'><subfield code='a'>Crypto-Jews</subfield><subfield code='z'>Mexico</subfield><subfield code='x'>History</subfield><subfield code='y'>19th century.</subfield></datafield><datafield ind1=' ' ind2='0' tag='650'><subfield code='a'>Guadalupe, Our Lady of.</subfield></datafield><datafield ind1=' ' ind2='4' tag='655'><subfield code='a'>Electronic books.</subfield></datafield><datafield ind1='1' ind2='0' tag='600'><subfield code='a'>Espinosa de los Monteros, Manuel,</subfield><subfield code='d'>1773-1838.</subfield></datafield><datafield ind1='1' ind2='0' tag='600'><subfield code='a'>Carvajal, Luis de,</subfield><subfield code='d'>1567?-1596.</subfield></datafield><datafield ind1=' ' ind2=' ' tag='700'><subfield code='a'>Hernâandez, Marie Theresa</subfield><subfield code='e'>Author</subfield></datafield><datafield ind1=' ' ind2=' ' tag='776'><subfield code='z'>0-8135-6569-3</subfield></datafield><datafield ind1=' ' ind2=' ' tag='776'><subfield code='z'>1-322-08579-X</subfield></datafield><datafield ind1=' ' ind2='0' tag='830'><subfield code='a'>Latinidad: Transnational Cultures in the United States</subfield></datafield><datafield ind1=' ' ind2=' ' tag='906'><subfield code='a'>BOOK</subfield></datafield><datafield ind1=' ' ind2=' ' tag='PRT'><subfield code='a'>53394816450003811</subfield><subfield code='b'>https://sandbox01-na.alma.exlibrisgroup.com/view/uresolver/01TULI_INST/openurl?u.ignore_date_coverage=true&amp;rft.mms_id=991036732155603811</subfield><subfield code='e'>EBSCOhost</subfield><subfield code='c'>EBSCOhost Academic eBook Collection (North America)</subfield><subfield code='h'>613640000000000029</subfield><subfield code='8'>53394816450003811</subfield></datafield><datafield ind1=' ' ind2=' ' tag='PRT'><subfield code='a'>53424814010003811</subfield><subfield code='b'>https://sandbox01-na.alma.exlibrisgroup.com/view/uresolver/01TULI_INST/openurl?u.ignore_date_coverage=true&amp;rft.mms_id=991036732155603811</subfield><subfield code='e'>Ebook Central</subfield><subfield code='c'>Ebook Central University Press</subfield><subfield code='h'>614330000000000093</subfield><subfield code='8'>53424814010003811</subfield></datafield><datafield ind1=' ' ind2=' ' tag='PRT'><subfield code='a'>53409049320003811</subfield><subfield code='b'>https://sandbox01-na.alma.exlibrisgroup.com/view/uresolver/01TULI_INST/openurl?u.ignore_date_coverage=true&amp;rft.mms_id=991036732155603811</subfield><subfield code='e'>JSTOR</subfield><subfield code='c'>JSTOR Books EBA Pilot</subfield><subfield code='h'>613810000000000259</subfield><subfield code='8'>53409049320003811</subfield></datafield><datafield ind1=' ' ind2=' ' tag='PRT'><subfield code='a'>53406592870003811</subfield><subfield code='b'>https://sandbox01-na.alma.exlibrisgroup.com/view/uresolver/01TULI_INST/openurl?u.ignore_date_coverage=true&amp;rft.mms_id=991036732155603811</subfield><subfield code='e'>EBSCOhost</subfield><subfield code='c'>eBook Religion Collection</subfield><subfield code='h'>613790000000001583</subfield><subfield code='8'>53406592870003811</subfield></datafield><datafield ind1=' ' ind2=' ' tag='PRT'><subfield code='a'>53422705300003811</subfield><subfield code='b'>https://sandbox01-na.alma.exlibrisgroup.com/view/uresolver/01TULI_INST/openurl?u.ignore_date_coverage=true&amp;rft.mms_id=991036732155603811</subfield><subfield code='e'>Ebook Central</subfield><subfield code='c'>Ebook Central Academic Complete</subfield><subfield code='h'>614200000000000002</subfield><subfield code='8'>53422705300003811</subfield></datafield></record>