
  <record xmlns='http://www.loc.gov/MARC21/slim'><leader>02018nam a22005413i 4500</leader><controlfield tag='005'>20161221101511.0</controlfield><controlfield tag='006'>m        d        </controlfield><controlfield tag='007'>cr||n|||||||||</controlfield><controlfield tag='008'>161006t20162016inu     ob    001 0ceng d</controlfield><controlfield tag='001'>991029479249703811</controlfield><datafield ind1=' ' ind2=' ' tag='020'><subfield code='a'>9780253024015</subfield><subfield code='q'>(cloth ;</subfield><subfield code='q'>alk. paper)</subfield></datafield><datafield ind1=' ' ind2=' ' tag='020'><subfield code='a'>0253024013</subfield><subfield code='q'>(cloth ;</subfield><subfield code='q'>alk. paper)</subfield></datafield><datafield ind1=' ' ind2=' ' tag='020'><subfield code='a'>9780253024091 (MyiLibrary)</subfield></datafield><datafield ind1=' ' ind2=' ' tag='020'><subfield code='a'>0253024099</subfield></datafield><datafield ind1=' ' ind2=' ' tag='020'><subfield code='a'>9780253024091</subfield></datafield><datafield ind1=' ' ind2=' ' tag='035'><subfield code='a'>(PPT)b63844667-01tuli_inst</subfield></datafield><datafield ind1=' ' ind2=' ' tag='035'><subfield code='a'>(CaONFJC)cis37262013</subfield><subfield code='9'>ExL</subfield></datafield><datafield ind1=' ' ind2=' ' tag='035'><subfield code='a'>(OCoLC)</subfield></datafield><datafield ind1=' ' ind2=' ' tag='037'><subfield code='a'>984029</subfield><subfield code='b'>MIL</subfield></datafield><datafield ind1=' ' ind2=' ' tag='040'><subfield code='a'>CaONFJC</subfield><subfield code='e'>rda</subfield><subfield code='c'>CaONFJC</subfield></datafield><datafield ind1='1' ind2=' ' tag='041'><subfield code='a'>eng</subfield><subfield code='h'>spa</subfield></datafield><datafield ind1=' ' ind2=' ' tag='043'><subfield code='a'>e-sp---</subfield></datafield><datafield ind1=' ' ind2=' ' tag='090'><subfield code='a'>DS135.S8</subfield><subfield code='b'>A165 2016eb</subfield></datafield><datafield ind1='1' ind2=' ' tag='100'><subfield code='a'>Perelis, Ronnie,</subfield><subfield code='e'>author.</subfield></datafield><datafield ind1='1' ind2='0' tag='245'><subfield code='a'>Narratives from the Sephardi Atlantic</subfield><subfield code='h'>[electronic resource] :</subfield><subfield code='b'>blood and faith /</subfield><subfield code='c'>Ronnie Perelis.</subfield></datafield><datafield ind1=' ' ind2='1' tag='264'><subfield code='a'>Bloomington :</subfield><subfield code='b'>Indiana University Press,</subfield><subfield code='c'>[2016]</subfield></datafield><datafield ind1=' ' ind2='4' tag='264'><subfield code='c'>©2016</subfield></datafield><datafield ind1=' ' ind2=' ' tag='300'><subfield code='a'>1 online resource (xii, 177 pages)</subfield></datafield><datafield ind1=' ' ind2=' ' tag='336'><subfield code='a'>text</subfield><subfield code='b'>txt</subfield><subfield code='2'>rdacontent</subfield></datafield><datafield ind1=' ' ind2=' ' tag='337'><subfield code='a'>computer</subfield><subfield code='b'>c</subfield><subfield code='2'>rdamedia</subfield></datafield><datafield ind1=' ' ind2=' ' tag='338'><subfield code='a'>online resource</subfield><subfield code='b'>cr</subfield><subfield code='2'>rdacarrier</subfield></datafield><datafield ind1='1' ind2=' ' tag='490'><subfield code='a'>Indiana series in Sephardi and Mizrahi studies</subfield></datafield><datafield ind1=' ' ind2=' ' tag='504'><subfield code='a'>Includes bibliographical references (pages 125-167) and index.</subfield></datafield><datafield ind1=' ' ind2=' ' tag='546'><subfield code='a'>Translated from the Spanish.</subfield></datafield><datafield ind1=' ' ind2=' ' tag='588'><subfield code='a'>Description based on print version record.</subfield></datafield><datafield ind1=' ' ind2=' ' tag='590'><subfield code='a'>Access is available to the Temple Community through use of a networked computer with a Temple IP address.</subfield></datafield><datafield ind1='1' ind2='0' tag='600'><subfield code='a'>Carvajal, Luis de,</subfield><subfield code='d'>1567?-1596.</subfield></datafield><datafield ind1='1' ind2='0' tag='600'><subfield code='a'>Mello, João Manuel Cardoso de.</subfield></datafield><datafield ind1='1' ind2='0' tag='600'><subfield code='a'>Montezinos, Antonio de,</subfield><subfield code='d'>active 17th century.</subfield></datafield><datafield ind1=' ' ind2='0' tag='650'><subfield code='a'>Crypto-Jews</subfield><subfield code='z'>Spain</subfield><subfield code='v'>Biography.</subfield></datafield><datafield ind1=' ' ind2='7' tag='655'><subfield code='a'>Electronic books.</subfield><subfield code='2'>local</subfield></datafield><datafield ind1='2' ind2=' ' tag='710'><subfield code='a'>MyiLibrary.</subfield></datafield><datafield ind1='0' ind2='8' tag='776'><subfield code='i'>Print version:</subfield><subfield code='z'>9780253024015</subfield></datafield><datafield ind1=' ' ind2='0' tag='830'><subfield code='a'>Indiana series in Sephardi and Mizrahi studies.</subfield></datafield><datafield ind1='4' ind2='0' tag='856'><subfield code='u'>http://libproxy.temple.edu/login?url=http://lib.myilibrary.com/detail.asp?ID=984029</subfield><subfield code='z'>Connect to MyiLibrary resource.</subfield></datafield><datafield ind1=' ' ind2=' ' tag='907'><subfield code='a'>.b63844667</subfield><subfield code='b'>w    </subfield><subfield code='c'>-</subfield></datafield><datafield ind1=' ' ind2=' ' tag='902'><subfield code='a'>170531</subfield></datafield><datafield ind1=' ' ind2=' ' tag='998'><subfield code='b'>1</subfield><subfield code='c'>      </subfield><subfield code='d'>m</subfield><subfield code='e'>@</subfield><subfield code='f'>-</subfield><subfield code='g'>0</subfield></datafield><datafield ind1=' ' ind2=' ' tag='945'><subfield code='l'>w    </subfield><subfield code='g'>1</subfield></datafield><datafield ind1=' ' ind2=' ' tag='PRT'><subfield code='a'>53383394510003811</subfield><subfield code='b'>https://sandbox01-na.alma.exlibrisgroup.com/view/uresolver/01TULI_INST/openurl?u.ignore_date_coverage=true&amp;rft.mms_id=991029479249703811</subfield><subfield code='f'>Connect to MyiLibrary resource.</subfield><subfield code='d'>MAIN</subfield><subfield code='8'>53383394510003811</subfield></datafield></record>