
  <record xmlns='http://www.loc.gov/MARC21/slim'><leader>02094cam a2200445 a 4500</leader><controlfield tag='005'>20180315213134.0</controlfield><controlfield tag='008'>071009s2008    nyua     b   s001 0 eng  </controlfield><controlfield tag='001'>991030728119703811</controlfield><datafield ind1=' ' ind2=' ' tag='010'><subfield code='a'>2007041849</subfield></datafield><datafield ind1=' ' ind2=' ' tag='020'><subfield code='a'>9780791475331 (hardcover : alk. paper)</subfield></datafield><datafield ind1=' ' ind2=' ' tag='020'><subfield code='a'>0791475336 (hardcover : alk. paper)</subfield></datafield><datafield ind1=' ' ind2=' ' tag='035'><subfield code='a'>(PPT)b35911980-01tuli_inst</subfield></datafield><datafield ind1=' ' ind2=' ' tag='035'><subfield code='a'>(DLC)ocn492481502</subfield><subfield code='9'>ExL</subfield></datafield><datafield ind1=' ' ind2=' ' tag='035'><subfield code='a'>(OCoLC)ocn177058330</subfield></datafield><datafield ind1=' ' ind2=' ' tag='035'><subfield code='a'>ocn177058330</subfield></datafield><datafield ind1=' ' ind2=' ' tag='035'><subfield code='a'>(OCLC)ocn177058330</subfield></datafield><datafield ind1=' ' ind2=' ' tag='040'><subfield code='a'>DLC</subfield><subfield code='c'>DLC</subfield><subfield code='d'>BTCTA</subfield><subfield code='d'>OCLCG</subfield><subfield code='d'>YDXCP</subfield><subfield code='d'>C#P</subfield><subfield code='d'>DLC</subfield></datafield><datafield ind1=' ' ind2=' ' tag='079'><subfield code='a'>ocn177058330</subfield></datafield><datafield ind1=' ' ind2=' ' tag='090'><subfield code='a'>PN1995</subfield><subfield code='b'>.R353 2008</subfield></datafield><datafield ind1='1' ind2=' ' tag='100'><subfield code='a'>Rashkin, Esther,</subfield><subfield code='d'>1951-</subfield></datafield><datafield ind1='1' ind2='0' tag='245'><subfield code='a'>Unspeakable secrets and the psychoanalysis of culture /</subfield><subfield code='c'>Esther Rashkin.</subfield></datafield><datafield ind1=' ' ind2=' ' tag='260'><subfield code='a'>Albany, NY :</subfield><subfield code='b'>SUNY Press,</subfield><subfield code='c'>c2008.</subfield></datafield><datafield ind1=' ' ind2=' ' tag='300'><subfield code='a'>xii, 260 p. :</subfield><subfield code='b'>ill. ;</subfield><subfield code='c'>24 cm.</subfield></datafield><datafield ind1=' ' ind2='0' tag='440'><subfield code='a'>SUNY series in psychoanalysis and culture</subfield></datafield><datafield ind1=' ' ind2=' ' tag='504'><subfield code='a'>Includes bibliographical references (p. 207-252) and index.</subfield></datafield><datafield ind1='0' ind2=' ' tag='505'><subfield code='a'>Vexed encounters : psychoanalysis, cultural studies, and the politics of close reading -- Devouring loss : a recipe for mourning in &quot;Babette&apos;s feast&quot; -- Tortured history : crypts, colonialism, and collaboration in Last tango in Paris -- Haunted children, cultural catastrophe, and phantom transmissions in the &quot;Dirty War&quot; and the Holocaust -- Religious transvestism and the stigma of Jewish identity -- Anticipating the final solution : symbolism and the occulted Jew in Villiers de l&apos;isle-Adam&apos;s Axël -- Imperial legacies and the art of abuse in The picture of Dorian Gray -- The ghost of cultural studies.</subfield></datafield><datafield ind1=' ' ind2='0' tag='650'><subfield code='a'>Motion pictures</subfield><subfield code='x'>Psychological aspects.</subfield></datafield><datafield ind1=' ' ind2='0' tag='650'><subfield code='a'>Psychology and literature.</subfield></datafield><datafield ind1=' ' ind2='0' tag='650'><subfield code='a'>European fiction</subfield><subfield code='y'>19th century</subfield><subfield code='x'>History and criticism.</subfield></datafield><datafield ind1=' ' ind2='0' tag='650'><subfield code='a'>Secrecy in literature.</subfield></datafield><datafield ind1=' ' ind2='0' tag='650'><subfield code='a'>Crypto-Jews.</subfield></datafield><datafield ind1=' ' ind2=' ' tag='901'><subfield code='a'>BNA</subfield></datafield><datafield ind1=' ' ind2=' ' tag='901'><subfield code='a'>R6729884</subfield></datafield><datafield ind1=' ' ind2=' ' tag='902'><subfield code='a'>080910AB0701</subfield></datafield><datafield ind1='0' ind2='0' tag='905'><subfield code='a'>SUNY series in psychoanalysis &amp; culture</subfield></datafield><datafield ind1=' ' ind2=' ' tag='907'><subfield code='a'>.b35911980</subfield><subfield code='b'>p    </subfield><subfield code='c'>-</subfield></datafield><datafield ind1=' ' ind2=' ' tag='945'><subfield code='l'>pstk </subfield><subfield code='g'>1</subfield></datafield><datafield ind1=' ' ind2=' ' tag='979'><subfield code='a'>ocn177058330</subfield></datafield><datafield ind1=' ' ind2=' ' tag='998'><subfield code='b'>1</subfield><subfield code='c'>080922</subfield><subfield code='d'>m</subfield><subfield code='e'>a</subfield><subfield code='f'>-</subfield><subfield code='g'>0</subfield></datafield><datafield ind1=' ' ind2=' ' tag='998'><subfield code='b'>1</subfield><subfield code='c'>080922</subfield><subfield code='d'>m</subfield><subfield code='e'>a</subfield><subfield code='f'>-</subfield><subfield code='g'>0</subfield></datafield><datafield ind1=' ' ind2=' ' tag='ADM'><subfield code='b'>2018-03-16 01:31:34</subfield><subfield code='e'>b35911980-01tuli_inst</subfield><subfield code='d'>ILS</subfield><subfield code='a'>2017-06-20 08:29:17</subfield><subfield code='c'>false</subfield></datafield><datafield ind1='0' ind2=' ' tag='HLD'><subfield code='b'>MAIN</subfield><subfield code='c'>stacks</subfield><subfield code='h'>PN1995</subfield><subfield code='i'>.R353 2008</subfield><subfield code='8'>22282657800003811</subfield></datafield><datafield ind1=' ' ind2=' ' tag='ITM'><subfield code='r'>22282657800003811</subfield><subfield code='b'>1</subfield><subfield code='h'>0</subfield><subfield code='g'>stacks</subfield><subfield code='t'>BOOK</subfield><subfield code='9'>39074025237256</subfield><subfield code='e'>stacks</subfield><subfield code='8'>23282657790003811</subfield><subfield code='a'>0</subfield><subfield code='q'>2017-06-20 08:29:17</subfield><subfield code='i'>PN1995 .R353 2008</subfield><subfield code='d'>MAIN</subfield><subfield code='f'>MAIN</subfield></datafield></record>