
  <record xmlns='http://www.loc.gov/MARC21/slim'><leader>02098cgm a2200493Ia 4500</leader><controlfield tag='005'>20170826033812.0</controlfield><controlfield tag='007'>vd cvaizu</controlfield><controlfield tag='008'>040113s1999    nyu057            vleng d</controlfield><controlfield tag='001'>991026070619703811</controlfield><datafield ind1=' ' ind2=' ' tag='035'><subfield code='a'>(PPT)b33208074-01tuli_inst</subfield></datafield><datafield ind1=' ' ind2=' ' tag='035'><subfield code='a'>(OCoLC)ocn492308975</subfield><subfield code='9'>ExL</subfield></datafield><datafield ind1=' ' ind2=' ' tag='035'><subfield code='a'>(OCoLC)54015593</subfield></datafield><datafield ind1=' ' ind2=' ' tag='035'><subfield code='a'>ocm54015593</subfield></datafield><datafield ind1=' ' ind2=' ' tag='035'><subfield code='a'>(OCLC)ocm54015593</subfield></datafield><datafield ind1=' ' ind2=' ' tag='040'><subfield code='a'>NDD</subfield><subfield code='c'>NDD</subfield><subfield code='d'>OCLCQ</subfield></datafield><datafield ind1=' ' ind2=' ' tag='043'><subfield code='a'>n-us-ms</subfield><subfield code='a'>n-us---</subfield></datafield><datafield ind1=' ' ind2=' ' tag='079'><subfield code='a'>ocm54015593</subfield></datafield><datafield ind1=' ' ind2=' ' tag='090'><subfield code='a'>F350.J5</subfield><subfield code='b'>D45 1999</subfield></datafield><datafield ind1='0' ind2='0' tag='245'><subfield code='a'>Delta Jews</subfield><subfield code='h'>[videorecording] /</subfield><subfield code='c'>Mississippi Educational Television ; produced, written &amp; directed by Mike DeWitt.</subfield></datafield><datafield ind1='1' ind2=' ' tag='246'><subfield code='i'>Title on container:</subfield><subfield code='a'>Delta Jews : Jews in the land of the blues</subfield></datafield><datafield ind1=' ' ind2=' ' tag='260'><subfield code='a'>New York, NY :</subfield><subfield code='b'>Filmakers Library,</subfield><subfield code='c'>c1999.</subfield></datafield><datafield ind1=' ' ind2=' ' tag='300'><subfield code='a'>1 videodisc (57 min.) :</subfield><subfield code='b'>sd., col. ;</subfield><subfield code='c'>4 3/4 in.</subfield></datafield><datafield ind1=' ' ind2=' ' tag='538'><subfield code='a'>Recorded DVD.</subfield></datafield><datafield ind1='0' ind2=' ' tag='511'><subfield code='a'>Narrated by Alfred Uhry.</subfield></datafield><datafield ind1=' ' ind2=' ' tag='508'><subfield code='a'>Photography, Stuart Math ; editor, Mary Perica.</subfield></datafield><datafield ind1=' ' ind2=' ' tag='586'><subfield code='a'>Winner of the CINE Gold Eagle (1999).</subfield></datafield><datafield ind1=' ' ind2=' ' tag='520'><subfield code='a'>For over a century, the Mississippi Delta has been home to a thriving Jewish community. Through the eyes of the few who remain, this video traces the history of the community and its relationship to its white Christian and black neighbors. We meet families who as merchants and farmers have taken on many characteristic speech patterns and social attitudes, yet maintained their traditions, even if it took importing rabbis and travelling miles for services or seders.</subfield></datafield><datafield ind1=' ' ind2='0' tag='650'><subfield code='a'>Jews</subfield><subfield code='z'>Mississippi</subfield><subfield code='x'>History.</subfield></datafield><datafield ind1=' ' ind2='0' tag='651'><subfield code='a'>Mississippi</subfield><subfield code='x'>Ethnic relations.</subfield></datafield><datafield ind1=' ' ind2='0' tag='651'><subfield code='a'>Mississippi</subfield><subfield code='x'>Race relations.</subfield></datafield><datafield ind1=' ' ind2='0' tag='650'><subfield code='a'>Jews</subfield><subfield code='v'>Interviews.</subfield></datafield><datafield ind1=' ' ind2='7' tag='655'><subfield code='a'>Documentary television programs.</subfield><subfield code='2'>lcgft</subfield></datafield><datafield ind1='1' ind2=' ' tag='700'><subfield code='a'>DeWitt, Mike.</subfield></datafield><datafield ind1='1' ind2=' ' tag='700'><subfield code='a'>Uhry, Alfred.</subfield></datafield><datafield ind1='1' ind2=' ' tag='700'><subfield code='a'>Math, Stuart.</subfield></datafield><datafield ind1='1' ind2=' ' tag='700'><subfield code='a'>Perica, Mary.</subfield></datafield><datafield ind1='2' ind2=' ' tag='710'><subfield code='a'>Mississippi Educational Television.</subfield></datafield><datafield ind1='2' ind2=' ' tag='710'><subfield code='a'>Filmakers Library, inc.</subfield></datafield><datafield ind1=' ' ind2=' ' tag='902'><subfield code='a'>130919</subfield></datafield><datafield ind1=' ' ind2=' ' tag='907'><subfield code='a'>.b33208074</subfield><subfield code='b'>pmed </subfield><subfield code='c'>g</subfield></datafield><datafield ind1=' ' ind2=' ' tag='945'><subfield code='l'>pmed </subfield><subfield code='g'>1</subfield></datafield><datafield ind1=' ' ind2=' ' tag='979'><subfield code='a'>ocm54015593</subfield></datafield><datafield ind1=' ' ind2=' ' tag='998'><subfield code='b'>0</subfield><subfield code='c'>080130</subfield><subfield code='d'>m</subfield><subfield code='e'>g</subfield><subfield code='f'>g</subfield><subfield code='g'>0</subfield></datafield><datafield ind1=' ' ind2=' ' tag='998'><subfield code='a'>01/30/08</subfield><subfield code='s'>OCLC</subfield><subfield code='c'>CDC</subfield></datafield><datafield ind1=' ' ind2=' ' tag='ADM'><subfield code='b'>2017-08-26 07:38:12</subfield><subfield code='e'>b33208074-01tuli_inst</subfield><subfield code='d'>ILS</subfield><subfield code='a'>2017-06-20 11:36:39</subfield><subfield code='c'>false</subfield></datafield><datafield ind1='0' ind2=' ' tag='HLD'><subfield code='b'>MEDIA</subfield><subfield code='c'>media</subfield><subfield code='h'>F350.J5</subfield><subfield code='i'>D45 1999</subfield><subfield code='8'>22312481630003811</subfield></datafield><datafield ind1=' ' ind2=' ' tag='ITM'><subfield code='r'>22312481630003811</subfield><subfield code='b'>1</subfield><subfield code='h'>0</subfield><subfield code='g'>media</subfield><subfield code='t'>DVD</subfield><subfield code='9'>39074023651599</subfield><subfield code='e'>media</subfield><subfield code='8'>23312481620003811</subfield><subfield code='a'>5</subfield><subfield code='q'>2017-06-20 11:36:39</subfield><subfield code='i'>F350.J5 D45 1999</subfield><subfield code='d'>MEDIA</subfield><subfield code='f'>MEDIA</subfield></datafield></record>