
  <record xmlns='http://www.loc.gov/MARC21/slim'><leader>02144cam a2200529 i 4500</leader><controlfield tag='005'>20180315164022.0</controlfield><controlfield tag='008'>131024s2014    njua     b    001 0 eng  </controlfield><controlfield tag='001'>991004560759703811</controlfield><datafield ind1=' ' ind2=' ' tag='010'><subfield code='a'>2013040662</subfield></datafield><datafield ind1=' ' ind2=' ' tag='020'><subfield code='a'>9780813565699 (hardcover : alk. paper)</subfield></datafield><datafield ind1=' ' ind2=' ' tag='020'><subfield code='a'>0813565693 (hardcover : alk. paper)</subfield></datafield><datafield ind1=' ' ind2=' ' tag='020'><subfield code='a'>9780813565682 (pbk.)</subfield></datafield><datafield ind1=' ' ind2=' ' tag='020'><subfield code='a'>0813565685 (pbk.)</subfield></datafield><datafield ind1=' ' ind2=' ' tag='020'><subfield code='z'>9780813565705 (e-book)</subfield></datafield><datafield ind1=' ' ind2=' ' tag='020'><subfield code='z'>0813565707 (e-book)</subfield></datafield><datafield ind1=' ' ind2=' ' tag='035'><subfield code='a'>(PPT)b56547936-01tuli_inst</subfield></datafield><datafield ind1=' ' ind2=' ' tag='035'><subfield code='a'>(OCoLC)ocn893650103</subfield><subfield code='9'>ExL</subfield></datafield><datafield ind1=' ' ind2=' ' tag='035'><subfield code='a'>(OCoLC)862102444</subfield></datafield><datafield ind1=' ' ind2=' ' tag='035'><subfield code='a'>ocn862102444</subfield></datafield><datafield ind1=' ' ind2=' ' tag='035'><subfield code='a'>(OCLC)ocn862102444</subfield></datafield><datafield ind1=' ' ind2=' ' tag='040'><subfield code='a'>DLC</subfield><subfield code='b'>eng</subfield><subfield code='e'>rda</subfield><subfield code='c'>DLC</subfield><subfield code='d'>YDX</subfield><subfield code='d'>BTCTA</subfield><subfield code='d'>BDX</subfield><subfield code='d'>ERASA</subfield><subfield code='d'>UKMGB</subfield><subfield code='d'>YDXCP</subfield><subfield code='d'>CDX</subfield></datafield><datafield ind1=' ' ind2=' ' tag='042'><subfield code='a'>pcc</subfield></datafield><datafield ind1=' ' ind2=' ' tag='079'><subfield code='a'>ocn862102444</subfield></datafield><datafield ind1=' ' ind2=' ' tag='090'><subfield code='a'>BM535</subfield><subfield code='b'>.H458 2014</subfield></datafield><datafield ind1='1' ind2=' ' tag='100'><subfield code='a'>Hernández, Marie Theresa,</subfield><subfield code='d'>1952-</subfield><subfield code='e'>author.</subfield></datafield><datafield ind1='1' ind2='4' tag='245'><subfield code='a'>The virgin of Guadalupe and the conversos :</subfield><subfield code='b'>uncovering hidden influences from Spain to Mexico /</subfield><subfield code='c'>Marie-Theresa Hernandez.</subfield></datafield><datafield ind1=' ' ind2='1' tag='264'><subfield code='a'>New Brunswick, New Jersey :</subfield><subfield code='b'>Rutgers University Press,</subfield><subfield code='c'>[2014]</subfield></datafield><datafield ind1=' ' ind2=' ' tag='300'><subfield code='a'>xi, 260 pages :</subfield><subfield code='b'>illustrations ;</subfield><subfield code='c'>24 cm.</subfield></datafield><datafield ind1=' ' ind2=' ' tag='336'><subfield code='a'>text</subfield><subfield code='2'>rdacontent</subfield></datafield><datafield ind1=' ' ind2=' ' tag='337'><subfield code='a'>unmediated</subfield><subfield code='2'>rdamedia</subfield></datafield><datafield ind1=' ' ind2=' ' tag='338'><subfield code='a'>volume</subfield><subfield code='2'>rdacarrier</subfield></datafield><datafield ind1='1' ind2=' ' tag='490'><subfield code='a'>Latinidad: Transnational Cultures in the United States</subfield></datafield><datafield ind1=' ' ind2=' ' tag='504'><subfield code='a'>Includes bibliographical references (pages 229-243) and index.</subfield></datafield><datafield ind1='0' ind2=' ' tag='505'><subfield code='a'>Virgin of the secret river -- The monks of the king: Los Monjes del Rey -- Divine splendor -- Hebrew truth: Hebraica veritas -- The sphinx -- Miguel sánchez, Guadalupe, and the inquisition -- Madre Sion.</subfield></datafield><datafield ind1='1' ind2='0' tag='600'><subfield code='a'>Espinosa de los Monteros, Manuel,</subfield><subfield code='d'>1773-1838.</subfield></datafield><datafield ind1='1' ind2='0' tag='600'><subfield code='a'>Carvajal, Luis de,</subfield><subfield code='d'>1567?-1596.</subfield></datafield><datafield ind1=' ' ind2='0' tag='650'><subfield code='a'>Christianity and other religions</subfield><subfield code='x'>Judaism.</subfield></datafield><datafield ind1=' ' ind2='0' tag='650'><subfield code='a'>Judaism</subfield><subfield code='x'>Relations</subfield><subfield code='x'>Christianity.</subfield></datafield><datafield ind1=' ' ind2='0' tag='650'><subfield code='a'>Crypto-Jews</subfield><subfield code='z'>Mexico</subfield><subfield code='x'>History</subfield><subfield code='y'>18th century.</subfield></datafield><datafield ind1=' ' ind2='0' tag='650'><subfield code='a'>Crypto-Jews</subfield><subfield code='z'>Mexico</subfield><subfield code='x'>History</subfield><subfield code='y'>19th century.</subfield></datafield><datafield ind1=' ' ind2='0' tag='650'><subfield code='a'>Guadalupe, Our Lady of.</subfield></datafield><datafield ind1=' ' ind2='0' tag='830'><subfield code='a'>Latinidad.</subfield></datafield><datafield ind1=' ' ind2=' ' tag='907'><subfield code='a'>.b56547936</subfield><subfield code='b'>p    </subfield><subfield code='c'>-</subfield></datafield><datafield ind1=' ' ind2=' ' tag='945'><subfield code='l'>pstk </subfield><subfield code='g'>1</subfield></datafield><datafield ind1=' ' ind2=' ' tag='979'><subfield code='a'>ocn862102444</subfield></datafield><datafield ind1=' ' ind2=' ' tag='998'><subfield code='b'>1</subfield><subfield code='c'>141001</subfield><subfield code='d'>m</subfield><subfield code='e'>a</subfield><subfield code='f'>-</subfield><subfield code='g'>4</subfield></datafield><datafield ind1=' ' ind2=' ' tag='998'><subfield code='b'>1</subfield><subfield code='c'>141001</subfield><subfield code='d'>m</subfield><subfield code='e'>a</subfield><subfield code='f'>-</subfield><subfield code='g'>4</subfield></datafield><datafield ind1=' ' ind2=' ' tag='ADM'><subfield code='b'>2018-03-15 20:40:22</subfield><subfield code='e'>b56547936-01tuli_inst</subfield><subfield code='d'>ILS</subfield><subfield code='a'>2017-06-20 08:51:20</subfield><subfield code='c'>false</subfield></datafield><datafield ind1='0' ind2=' ' tag='HLD'><subfield code='b'>MAIN</subfield><subfield code='c'>stacks</subfield><subfield code='h'>BM535</subfield><subfield code='i'>.H458 2014</subfield><subfield code='8'>22287529430003811</subfield></datafield><datafield ind1=' ' ind2=' ' tag='ITM'><subfield code='r'>22287529430003811</subfield><subfield code='b'>1</subfield><subfield code='h'>0</subfield><subfield code='g'>stacks</subfield><subfield code='t'>BOOK</subfield><subfield code='9'>39074028687671</subfield><subfield code='e'>stacks</subfield><subfield code='8'>23287529400003811</subfield><subfield code='a'>0</subfield><subfield code='q'>2017-06-20 08:51:20</subfield><subfield code='i'>BM535 .H458 2014</subfield><subfield code='d'>MAIN</subfield><subfield code='f'>MAIN</subfield></datafield></record>