
  <record xmlns='http://www.loc.gov/MARC21/slim'><leader>02150nam a22005173u 4500</leader><controlfield tag='001'>991036731447503811</controlfield><controlfield tag='005'>20170919033231.0</controlfield><controlfield tag='006'>m        d        </controlfield><controlfield tag='007'>cr -n---------</controlfield><controlfield tag='008'>151116s2014|||||||     s|||||||||||eng|d</controlfield><datafield ind1=' ' ind2=' ' tag='020'><subfield code='a'>0-295-80379-7</subfield></datafield><datafield ind1=' ' ind2=' ' tag='035'><subfield code='a'>(CKB)2670000000241622</subfield></datafield><datafield ind1=' ' ind2=' ' tag='035'><subfield code='a'>(EBL)3444488</subfield></datafield><datafield ind1=' ' ind2=' ' tag='035'><subfield code='a'>(SSID)ssj0000758900</subfield></datafield><datafield ind1=' ' ind2=' ' tag='035'><subfield code='a'>(PQKBManifestationID)11451001</subfield></datafield><datafield ind1=' ' ind2=' ' tag='035'><subfield code='a'>(PQKBTitleCode)TC0000758900</subfield></datafield><datafield ind1=' ' ind2=' ' tag='035'><subfield code='a'>(PQKBWorkID)10780952</subfield></datafield><datafield ind1=' ' ind2=' ' tag='035'><subfield code='a'>(PQKB)10333112</subfield></datafield><datafield ind1=' ' ind2=' ' tag='035'><subfield code='a'>(EXLCZ)992670000000241622</subfield></datafield><datafield ind1=' ' ind2=' ' tag='040'><subfield code='a'>AU-PeEL</subfield><subfield code='b'>eng</subfield><subfield code='c'>AU-PeEL</subfield><subfield code='d'>AU-PeEL</subfield></datafield><datafield ind1=' ' ind2=' ' tag='041'><subfield code='a'>eng</subfield></datafield><datafield ind1=' ' ind2='4' tag='050'><subfield code='a'>PN842.S73 2004eb</subfield></datafield><datafield ind1='0' ind2='0' tag='082'><subfield code='a'>809.93592</subfield></datafield><datafield ind1='1' ind2=' ' tag='100'><subfield code='a'>Stanislawski, Michael.</subfield></datafield><datafield ind1='1' ind2='0' tag='245'><subfield code='a'>Autobiographical Jews</subfield><subfield code='h'>[electronic resource] :</subfield><subfield code='b'>Essays in Jewish Self-Fashioning</subfield></datafield><datafield ind1=' ' ind2=' ' tag='246'><subfield code='a'>Autobiographical Jews </subfield></datafield><datafield ind1=' ' ind2=' ' tag='246'><subfield code='a'>Samuel and Althea Stroum Lectures in Jewish Studies </subfield></datafield><datafield ind1=' ' ind2=' ' tag='260'><subfield code='a'>Vancouver :</subfield><subfield code='b'>University of Washington Press,</subfield><subfield code='c'>2014.</subfield></datafield><datafield ind1=' ' ind2=' ' tag='300'><subfield code='a'>1 online resource (224 p.)</subfield></datafield><datafield ind1=' ' ind2=' ' tag='336'><subfield code='a'>text</subfield><subfield code='b'>txt</subfield></datafield><datafield ind1=' ' ind2=' ' tag='337'><subfield code='a'>computer</subfield><subfield code='b'>c</subfield></datafield><datafield ind1=' ' ind2=' ' tag='338'><subfield code='a'>online resource</subfield><subfield code='b'>cr</subfield></datafield><datafield ind1='1' ind2=' ' tag='490'><subfield code='a'>Samuel and Althea Stroum Lectures in Jewish Studies</subfield></datafield><datafield ind1=' ' ind2=' ' tag='500'><subfield code='a'>Description based upon print version of record.</subfield></datafield><datafield ind1='0' ind2=' ' tag='505'><subfield code='a'>&quot;&quot;Contents&quot;&quot;; &quot;&quot;Acknowledgements&quot;&quot;; &quot;&quot;Introduction: Autobiography, the Jews, and Episodic Memory&quot;&quot;; &quot;&quot;1/ Josephus&apos;s Life&quot;&quot;; &quot;&quot;2/ In the Culture of the Rabbis: Asher of Reichshofen and Glikl of Hameln&quot;&quot;; &quot;&quot;3/ Two Russian Jews: Moshe Leib Lilienblum and Osip Mandelstam&quot;&quot;; &quot;&quot;4/ Autobiography as Farewell I: Stefan Zweig&quot;&quot;; &quot;&quot;5/ Autobiography as Farewell II: Sarah Kofman&quot;&quot;; &quot;&quot;Conclusion&quot;&quot;; &quot;&quot;Notes&quot;&quot;; &quot;&quot;Bibliography&quot;&quot;; &quot;&quot;Index&quot;&quot;</subfield></datafield><datafield ind1=' ' ind2=' ' tag='546'><subfield code='a'>English</subfield></datafield><datafield ind1=' ' ind2='4' tag='650'><subfield code='a'>Autobiographical memory.</subfield></datafield><datafield ind1=' ' ind2='4' tag='650'><subfield code='a'>Autobiography -- Jewish authors.</subfield></datafield><datafield ind1=' ' ind2='4' tag='650'><subfield code='a'>Jewish authors -- Biography -- History and criticism.</subfield></datafield><datafield ind1=' ' ind2='4' tag='650'><subfield code='a'>Jewish prose literature -- History and criticism.</subfield></datafield><datafield ind1=' ' ind2='4' tag='650'><subfield code='a'>Jews -- Historiography.</subfield></datafield><datafield ind1=' ' ind2='4' tag='650'><subfield code='a'>Judaism and literature.</subfield></datafield><datafield ind1=' ' ind2='4' tag='650'><subfield code='a'>Self-perception.</subfield></datafield><datafield ind1=' ' ind2='0' tag='655'><subfield code='a'>Electronic books.</subfield></datafield><datafield ind1=' ' ind2=' ' tag='776'><subfield code='z'>0-295-98416-3</subfield></datafield><datafield ind1=' ' ind2='0' tag='830'><subfield code='a'>Samuel and Althea Stroum Lectures in Jewish Studies</subfield></datafield><datafield ind1=' ' ind2=' ' tag='906'><subfield code='a'>BOOK</subfield></datafield><datafield ind1=' ' ind2=' ' tag='PRT'><subfield code='a'>53421653920003811</subfield><subfield code='b'>https://sandbox01-na.alma.exlibrisgroup.com/view/uresolver/01TULI_INST/openurl?u.ignore_date_coverage=true&amp;rft.mms_id=991036731447503811</subfield><subfield code='e'>Ebook Central</subfield><subfield code='c'>Ebook Central Academic Complete</subfield><subfield code='h'>614200000000000002</subfield><subfield code='8'>53421653920003811</subfield></datafield><datafield ind1=' ' ind2=' ' tag='PRT'><subfield code='a'>53425104690003811</subfield><subfield code='b'>https://sandbox01-na.alma.exlibrisgroup.com/view/uresolver/01TULI_INST/openurl?u.ignore_date_coverage=true&amp;rft.mms_id=991036731447503811</subfield><subfield code='e'>Ebook Central</subfield><subfield code='c'>Ebook Central University Press</subfield><subfield code='h'>614330000000000093</subfield><subfield code='8'>53425104690003811</subfield></datafield></record>