
  <record xmlns='http://www.loc.gov/MARC21/slim'><leader>02198cam a2200493 i 4500</leader><controlfield tag='005'>20170826033516.0</controlfield><controlfield tag='008'>141203s2015    iluab    b    001 0 eng c</controlfield><controlfield tag='001'>991010674379703811</controlfield><datafield ind1=' ' ind2=' ' tag='010'><subfield code='a'>2014047019</subfield></datafield><datafield ind1=' ' ind2=' ' tag='020'><subfield code='a'>9780226247830 (cloth : alk. paper)</subfield></datafield><datafield ind1=' ' ind2=' ' tag='020'><subfield code='a'>022624783X (cloth : alk. paper)</subfield></datafield><datafield ind1=' ' ind2=' ' tag='020'><subfield code='z'>9780226247977 (e-book)</subfield></datafield><datafield ind1=' ' ind2=' ' tag='035'><subfield code='a'>(PPT)b58087321-01tuli_inst</subfield></datafield><datafield ind1=' ' ind2=' ' tag='035'><subfield code='a'>(OCoLC)ocn914330962</subfield><subfield code='9'>ExL</subfield></datafield><datafield ind1=' ' ind2=' ' tag='035'><subfield code='a'>(OCoLC)887849410</subfield></datafield><datafield ind1=' ' ind2=' ' tag='035'><subfield code='a'>ocn887849410</subfield></datafield><datafield ind1=' ' ind2=' ' tag='035'><subfield code='a'>(OCLC)ocn887849410</subfield></datafield><datafield ind1=' ' ind2=' ' tag='040'><subfield code='a'>ICU/DLC</subfield><subfield code='b'>eng</subfield><subfield code='e'>rda</subfield><subfield code='c'>CGU</subfield><subfield code='d'>DLC</subfield><subfield code='d'>BTCTA</subfield><subfield code='d'>YDXCP</subfield><subfield code='d'>BDX</subfield><subfield code='d'>OCLCF</subfield><subfield code='d'>CDX</subfield><subfield code='d'>ZS3</subfield></datafield><datafield ind1=' ' ind2=' ' tag='042'><subfield code='a'>pcc</subfield></datafield><datafield ind1=' ' ind2=' ' tag='043'><subfield code='a'>n-us-mi</subfield></datafield><datafield ind1=' ' ind2=' ' tag='079'><subfield code='a'>ocn887849410</subfield></datafield><datafield ind1=' ' ind2=' ' tag='090'><subfield code='a'>F574.D49</subfield><subfield code='b'>J515 2015</subfield></datafield><datafield ind1='1' ind2=' ' tag='100'><subfield code='a'>Berman, Lila Corwin,</subfield><subfield code='d'>1976-</subfield><subfield code='e'>author.</subfield></datafield><datafield ind1='1' ind2='0' tag='245'><subfield code='a'>Metropolitan Jews :</subfield><subfield code='b'>politics, race, and religion in postwar Detroit /</subfield><subfield code='c'>Lila Corwin Berman.</subfield></datafield><datafield ind1=' ' ind2='1' tag='264'><subfield code='a'>Chicago :</subfield><subfield code='b'>The University of Chicago Press,</subfield><subfield code='c'>2015.</subfield></datafield><datafield ind1=' ' ind2=' ' tag='300'><subfield code='a'>324 pages :</subfield><subfield code='b'>illustrations, maps ;</subfield><subfield code='c'>24 cm.</subfield></datafield><datafield ind1=' ' ind2=' ' tag='336'><subfield code='a'>text</subfield><subfield code='2'>rdacontent</subfield></datafield><datafield ind1=' ' ind2=' ' tag='337'><subfield code='a'>unmediated</subfield><subfield code='2'>rdamedia</subfield></datafield><datafield ind1=' ' ind2=' ' tag='338'><subfield code='a'>volume</subfield><subfield code='2'>rdacarrier</subfield></datafield><datafield ind1='1' ind2=' ' tag='490'><subfield code='a'>Historical studies of urban America</subfield></datafield><datafield ind1=' ' ind2=' ' tag='504'><subfield code='a'>Includes bibliographical references and index.</subfield></datafield><datafield ind1='0' ind2=' ' tag='505'><subfield code='a'>Jews and the American city -- Locating and relocating the Jewish neighborhoods of Detroit -- Keeping house in the city: the local politics of urban space -- Changing Jewish neighborhoods -- From neighborhood to city: the formation of Jewish metropolitan urbanism -- The sacred suburban sites of Jewish metropolitan urbanism -- Urban crises and the privatization of Jewish urbanism -- Epilogue: back-to-the-city Jews and the legacies of metropolitan urbanism.</subfield></datafield><datafield ind1=' ' ind2='0' tag='650'><subfield code='a'>Jews</subfield><subfield code='z'>Michigan</subfield><subfield code='z'>Detroit</subfield><subfield code='x'>Social conditions.</subfield></datafield><datafield ind1=' ' ind2='7' tag='650'><subfield code='a'>Ethnic relations.</subfield><subfield code='2'>fast</subfield><subfield code='0'>(OCoLC)fst00916005</subfield></datafield><datafield ind1=' ' ind2='7' tag='650'><subfield code='a'>Jews</subfield><subfield code='x'>Social conditions.</subfield><subfield code='2'>fast</subfield><subfield code='0'>(OCoLC)fst00983360</subfield></datafield><datafield ind1=' ' ind2='0' tag='651'><subfield code='a'>Detroit (Mich.)</subfield><subfield code='x'>Ethnic relations.</subfield></datafield><datafield ind1=' ' ind2='7' tag='651'><subfield code='a'>Michigan</subfield><subfield code='z'>Detroit.</subfield><subfield code='2'>fast</subfield><subfield code='0'>(OCoLC)fst01205010</subfield></datafield><datafield ind1=' ' ind2='0' tag='830'><subfield code='a'>Historical studies of urban America.</subfield></datafield><datafield ind1=' ' ind2=' ' tag='902'><subfield code='a'>170424</subfield></datafield><datafield ind1=' ' ind2=' ' tag='907'><subfield code='a'>.b58087321</subfield><subfield code='b'>p    </subfield><subfield code='c'>-</subfield></datafield><datafield ind1=' ' ind2=' ' tag='945'><subfield code='l'>pstk </subfield><subfield code='g'>1</subfield></datafield><datafield ind1=' ' ind2=' ' tag='979'><subfield code='a'>ocn887849410</subfield></datafield><datafield ind1=' ' ind2=' ' tag='998'><subfield code='b'>1</subfield><subfield code='c'>150707</subfield><subfield code='d'>m</subfield><subfield code='e'>a</subfield><subfield code='f'>-</subfield><subfield code='g'>0</subfield></datafield><datafield ind1=' ' ind2=' ' tag='998'><subfield code='b'>1</subfield><subfield code='c'>150707</subfield><subfield code='d'>m</subfield><subfield code='e'>a</subfield><subfield code='f'>-</subfield><subfield code='g'>0</subfield></datafield><datafield ind1='0' ind2=' ' tag='HLD'><subfield code='b'>MAIN</subfield><subfield code='c'>stacks</subfield><subfield code='h'>F574.D49</subfield><subfield code='i'>J515 2015</subfield><subfield code='8'>22299644050003811</subfield></datafield><datafield ind1=' ' ind2=' ' tag='ITM'><subfield code='b'>0</subfield><subfield code='h'>0</subfield><subfield code='g'>stacks</subfield><subfield code='9'>39074028795821</subfield><subfield code='e'>stacks</subfield><subfield code='8'>23299644040003811</subfield><subfield code='a'>0</subfield><subfield code='q'>2017-06-20 10:04:41</subfield><subfield code='i'>F574.D49 J515 2015</subfield><subfield code='d'>MAIN</subfield><subfield code='r'>2018-04-27 22:37:10</subfield><subfield code='f'>MAIN</subfield></datafield></record>