
  <record xmlns='http://www.loc.gov/MARC21/slim'><leader>02212ngm a22005291i 4500</leader><controlfield tag='005'>20140801123731.0</controlfield><controlfield tag='006'>m     o  c        </controlfield><controlfield tag='007'>vz uzazuu</controlfield><controlfield tag='007'>cr una---unuuu</controlfield><controlfield tag='008'>151217p20152014cau052        o   vlfre d</controlfield><controlfield tag='001'>991036899590803811</controlfield><datafield ind1='5' ind2='2' tag='028'><subfield code='a'>1143277</subfield><subfield code='b'>Kanopy</subfield></datafield><datafield ind1=' ' ind2=' ' tag='035'><subfield code='a'>(OCoLC)933431082</subfield></datafield><datafield ind1=' ' ind2=' ' tag='035'><subfield code='a'>(CaSfKAN)kan1143277</subfield></datafield><datafield ind1=' ' ind2=' ' tag='040'><subfield code='a'>UtOrKAN</subfield><subfield code='b'>eng</subfield><subfield code='e'>rda</subfield><subfield code='c'>UtOrKAN</subfield></datafield><datafield ind1='0' ind2=' ' tag='041'><subfield code='a'>fre</subfield><subfield code='a'>eng</subfield></datafield><datafield ind1=' ' ind2=' ' tag='043'><subfield code='a'>n-us-ky</subfield></datafield><datafield ind1='0' ind2='0' tag='245'><subfield code='a'>Jews &amp; Muslims :</subfield><subfield code='b'>Intimate strangers = Juifs et Musulmans.</subfield></datafield><datafield ind1='1' ind2='1' tag='246'><subfield code='a'>Juifs et Musulmans</subfield></datafield><datafield ind1='3' ind2='0' tag='246'><subfield code='a'>Jews and Muslims</subfield></datafield><datafield ind1=' ' ind2='1' tag='264'><subfield code='a'>[San Francisco, California, USA] :</subfield><subfield code='b'>Kanopy Streaming,</subfield><subfield code='c'>2015.</subfield></datafield><datafield ind1=' ' ind2=' ' tag='300'><subfield code='a'>1 online resource (4 video files, approximately 218 min.) :</subfield><subfield code='b'>digital, .flv file, sound</subfield></datafield><datafield ind1=' ' ind2=' ' tag='336'><subfield code='a'>two-dimensional moving image</subfield><subfield code='b'>tdi</subfield><subfield code='2'>rdacontent</subfield></datafield><datafield ind1=' ' ind2=' ' tag='337'><subfield code='a'>computer</subfield><subfield code='b'>c</subfield><subfield code='2'>rdamedia</subfield></datafield><datafield ind1=' ' ind2=' ' tag='338'><subfield code='a'>online resource</subfield><subfield code='b'>cr</subfield><subfield code='2'>rdacarrier</subfield></datafield><datafield ind1=' ' ind2=' ' tag='344'><subfield code='a'>digital</subfield></datafield><datafield ind1=' ' ind2=' ' tag='347'><subfield code='a'>video file</subfield><subfield code='b'>MPEG-4</subfield><subfield code='b'>Flash</subfield></datafield><datafield ind1=' ' ind2=' ' tag='500'><subfield code='a'>Title from title frames.</subfield></datafield><datafield ind1=' ' ind2=' ' tag='518'><subfield code='a'>Originally produced by Film Ideas in 2014.</subfield></datafield><datafield ind1=' ' ind2=' ' tag='520'><subfield code='a'>Jews and Muslims are seen as the archetype of enemies in endless conflict, a perception made of misunderstandings and omissions.  Yet history shows us that the conflict and tension is quite recent, a mere 150 years.  By traveling back to the time of Muhammad and then forward to present day, the goal of this balanced and well-researched series is to lay out the facts and deconstruct historical misbeliefs.</subfield></datafield><datafield ind1=' ' ind2=' ' tag='538'><subfield code='a'>Mode of access: World Wide Web.</subfield></datafield><datafield ind1=' ' ind2=' ' tag='590'><subfield code='a'>Access is available to the Temple Community through use of a networked computer with a Temple IP address.</subfield></datafield><datafield ind1=' ' ind2='0' tag='650'><subfield code='a'>Jewish-Arab relations.</subfield></datafield><datafield ind1=' ' ind2='0' tag='650'><subfield code='a'>Islam</subfield><subfield code='x'>Relations</subfield><subfield code='x'>Judaism.</subfield></datafield><datafield ind1=' ' ind2='0' tag='650'><subfield code='a'>Judaism</subfield><subfield code='x'>Relations</subfield><subfield code='x'>Islam.</subfield></datafield><datafield ind1=' ' ind2='0' tag='650'><subfield code='a'>Interfaith relations.</subfield></datafield><datafield ind1=' ' ind2='0' tag='650'><subfield code='a'>Islam.</subfield></datafield><datafield ind1=' ' ind2='0' tag='650'><subfield code='a'>Judaism.</subfield></datafield><datafield ind1=' ' ind2='7' tag='655'><subfield code='a'>Documentary films.</subfield><subfield code='2'>lcgft</subfield></datafield><datafield ind1=' ' ind2='0' tag='655'><subfield code='a'>Streaming video.</subfield></datafield><datafield ind1='1' ind2=' ' tag='700'><subfield code='a'>Miské, Karim,</subfield><subfield code='e'>film director.</subfield></datafield><datafield ind1='1' ind2=' ' tag='700'><subfield code='a'>Blanchard, Emmanuel,</subfield><subfield code='e'>screenwriter.</subfield></datafield><datafield ind1='1' ind2=' ' tag='700'><subfield code='a'>Mars, Nathalie,</subfield><subfield code='e'>screenwriter.</subfield></datafield><datafield ind1='1' ind2=' ' tag='700'><subfield code='a'>Mars, Nathalie,</subfield><subfield code='e'>producer.</subfield></datafield><datafield ind1='1' ind2=' ' tag='700'><subfield code='a'>Labro, Anne,</subfield><subfield code='e'>producer.</subfield></datafield><datafield ind1='1' ind2=' ' tag='700'><subfield code='a'>Blumstein, Tanya,</subfield><subfield code='e'>narrator.</subfield></datafield><datafield ind1='2' ind2=' ' tag='710'><subfield code='a'>Kanopy (Firm)</subfield></datafield><datafield ind1='4' ind2='0' tag='856'><subfield code='u'>http://temple.kanopy.com/node/143278</subfield><subfield code='z'>A Kanopy streaming video</subfield></datafield><datafield ind1='4' ind2='2' tag='856'><subfield code='z'>Cover Image</subfield><subfield code='u'>https://www.kanopy.com/node/143278/external-image</subfield></datafield><datafield ind1=' ' ind2=' ' tag='902'><subfield code='a'>Kanopy Streaming Video (Refresh) 20180424</subfield></datafield><datafield ind1=' ' ind2=' ' tag='979'><subfield code='a'>kan1143277</subfield></datafield><datafield ind1=' ' ind2=' ' tag='PRT'><subfield code='a'>53423371530003811</subfield><subfield code='b'>https://sandbox01-na.alma.exlibrisgroup.com/view/uresolver/01TULI_INST/openurl?u.ignore_date_coverage=true&amp;rft.mms_id=991036899590803811</subfield><subfield code='c'>Kanopy Streaming Video - Request Access</subfield><subfield code='8'>53423371530003811</subfield></datafield></record>