
  <record xmlns='http://www.loc.gov/MARC21/slim'><leader>02252nam  2200481 i 4500</leader><controlfield tag='001'>991036736666103811</controlfield><controlfield tag='005'>20170822104650.0</controlfield><controlfield tag='006'>m     o  d |      </controlfield><controlfield tag='007'>cr -n---------</controlfield><controlfield tag='008'>141025t20142014ne      ob    001 0 eng d</controlfield><datafield ind1=' ' ind2=' ' tag='020'><subfield code='a'>90-272-7017-1</subfield></datafield><datafield ind1=' ' ind2=' ' tag='035'><subfield code='a'>(CKB)2670000000571623</subfield></datafield><datafield ind1=' ' ind2=' ' tag='035'><subfield code='a'>(EBL)1813940</subfield></datafield><datafield ind1=' ' ind2=' ' tag='035'><subfield code='a'>(SSID)ssj0001350545</subfield></datafield><datafield ind1=' ' ind2=' ' tag='035'><subfield code='a'>(PQKBManifestationID)12490381</subfield></datafield><datafield ind1=' ' ind2=' ' tag='035'><subfield code='a'>(PQKBTitleCode)TC0001350545</subfield></datafield><datafield ind1=' ' ind2=' ' tag='035'><subfield code='a'>(PQKBWorkID)11293499</subfield></datafield><datafield ind1=' ' ind2=' ' tag='035'><subfield code='a'>(PQKB)10749113</subfield></datafield><datafield ind1=' ' ind2=' ' tag='035'><subfield code='a'>(MiAaPQ)EBC1813940</subfield></datafield><datafield ind1=' ' ind2=' ' tag='035'><subfield code='a'>(EXLCZ)992670000000571623</subfield></datafield><datafield ind1=' ' ind2=' ' tag='040'><subfield code='a'>MiAaPQ</subfield><subfield code='b'>eng</subfield><subfield code='e'>rda</subfield><subfield code='e'>pn</subfield><subfield code='c'>MiAaPQ</subfield><subfield code='d'>MiAaPQ</subfield></datafield><datafield ind1=' ' ind2=' ' tag='041'><subfield code='a'>eng</subfield></datafield><datafield ind1=' ' ind2=' ' tag='043'><subfield code='a'>e-po---</subfield><subfield code='a'>e-sp---</subfield><subfield code='a'>cl-----</subfield></datafield><datafield ind1=' ' ind2='4' tag='050'><subfield code='a'>P40.5.L382</subfield><subfield code='b'>.P678 2014</subfield></datafield><datafield ind1='0' ind2='0' tag='082'><subfield code='a'>460.109236</subfield></datafield><datafield ind1='1' ind2=' ' tag='100'><subfield code='a'>Amaral, Patrícia.</subfield></datafield><datafield ind1='0' ind2='0' tag='245'><subfield code='a'>Portuguese-Spanish interfaces :</subfield><subfield code='b'>diachrony, synchrony, and contact /</subfield><subfield code='c'>edited by Patrícia Amaral, Ana Maria Carvalho.</subfield></datafield><datafield ind1=' ' ind2='1' tag='264'><subfield code='a'>Amsterdam, Netherlands ;</subfield><subfield code='a'>Philadelphia, Pennsylvania :</subfield><subfield code='b'>John Benjamins Publishing Company,</subfield><subfield code='c'>2014.</subfield></datafield><datafield ind1=' ' ind2='4' tag='264'><subfield code='c'>©2014</subfield></datafield><datafield ind1=' ' ind2=' ' tag='300'><subfield code='a'>1 online resource (474 p.)</subfield></datafield><datafield ind1=' ' ind2=' ' tag='336'><subfield code='a'>text</subfield><subfield code='b'>txt</subfield></datafield><datafield ind1=' ' ind2=' ' tag='337'><subfield code='a'>computer</subfield><subfield code='b'>c</subfield></datafield><datafield ind1=' ' ind2=' ' tag='338'><subfield code='a'>online resource</subfield><subfield code='b'>cr</subfield></datafield><datafield ind1='0' ind2=' ' tag='490'><subfield code='a'>Issues in Hispanic and Lusophone Linguistics,</subfield><subfield code='x'>2213-3887 ;</subfield><subfield code='v'>Volume 1</subfield></datafield><datafield ind1=' ' ind2=' ' tag='500'><subfield code='a'>Description based upon print version of record.</subfield></datafield><datafield ind1='0' ind2=' ' tag='505'><subfield code='a'>Portuguese-Spanish Interfaces; Editorial page; Title page; LCC data; Table of contents; Introduction ; References ; Part I. Comparative perspectives in diachrony; The position of Ibero-Romance in the Romania and of Portuguese within Ibero-Romance ; 1. Introduction ; 2. Classification ; 2.1 &quot;Western Romance&quot; ; 2.2 Neolinguistica ; 2.3 Organic groupings ; 2.4 Parametrization ; 2.5 External language history and typological shift ; 3. Characteristic features: Phonetic dimensions ; 3.1 Vowel system ; 3.2 Diphthongization ; 3.3 Unstressed and final-syllable vowels ; 3.4 Sibilants</subfield></datafield><datafield ind1='8' ind2=' ' tag='505'><subfield code='a'>3.5 Final /s/ and consonant gradation: Western Romance criteria 3.6 /f/ ; 3.7 Laterals and palatalization ; 3.8 Nasals ; 3.9 Final consonants ; 4. Characteristic features: Morphological dimensions ; 4.1 Definite article ; 4.2 Gender ; 4.3 Pluperfect indicative ; 4.4 Demonstrative ; 4.5 Locative clitics ; 5. Characteristic features: Morphosyntax ; 5.1 Position of clitic pronouns ; 5.2 Second-position and separated clitics ; 5.3 Future ; 5.4 Pronominal doubling ; 5.5 Inflected infinitive ; 5.6 Auxiliary ; 6. Characteristic features: Syntax ; 6.1 Null subject syndrome</subfield></datafield><datafield ind1='8' ind2=' ' tag='505'><subfield code='a'>6.2 Differential Object Marking (DOM) 6.3 Narrative past ; 7. The position of Portuguese ; References ; Syntactic change in Portuguese and Spanish ; 2. Clitics and weak pronouns ; 2.1 Clitic placement in Old Portuguese and Old Spanish ; 2.2 A gradual change in clitic placement through the Medieval period ; 2.3 Comparing clitic pronouns with the weak oblique pronouns i and en/ende ; 3. Post-nominal algum/alguno ; 4. Conclusion ; References ; Judeo-Spanish in contact with Portuguese ; Introduction ; 1. Development of the Sephardic speech community</subfield></datafield><datafield ind1='8' ind2=' ' tag='505'><subfield code='a'>2. The role of Portuguese in the process of leveling of dialectal differences 2.1 Portuguese substratum influence in Judeo-Spanish documents of the 1560s ; 2.2 Other substratum influences detected in modern Judeo-Spanish ; 3. The emigration of Portuguese Crypto-Jews to the Ottoman Empire ; 3.1 The emergence of Crypto-Judaism in Portugal ; 3.2 The immigration of Crypto-Jews to the Ottoman Empire and the non-linguistic consequences of language contact ; 3.3 The Crypto-Jews in the Western communities of the Balkans ; 3.4 The Judeo-Spanish variety of Bitola (Macedonia) ; 4. Final remarks</subfield></datafield><datafield ind1='8' ind2=' ' tag='505'><subfield code='a'>Primary Judeo-Spanish sources of the 16th century References ; Dequeísmo and queísmo in Portuguese and Spanish ; 1. Introduction ; 2. Dequeísmo ; 2.1 Definition ; 2.2 Historical data and dequeísmo ; 2.3 Portuguese-Spanish differences and special cases ; 3. Queísmo ; 3.1 Definition ; 3.2 Historical data and queísmo ; 3.3 Historical syntax of prepositional finite clauses and queísmo ; 4. Conclusions ; References ; Part II. Comparative perspectives in synchrony; On the partially divergent phonology of Spanish, Portuguese and points in between ; 1. Introduction</subfield></datafield><datafield ind1='8' ind2=' ' tag='505'><subfield code='a'>2. Segmental inventories of Spanish and Portuguese (with historical commentary)</subfield></datafield><datafield ind1=' ' ind2=' ' tag='520'><subfield code='a'>Western hemisphere varieties of Spanish and Portuguese show substantial similarity in the patterning of sociolinguistic variation and change. Caribbean and coastal dialects of Latin American Spanish share several variables with Brazilian Portuguese (e.g., deletion of coda -s, -r). These variables also show similar social distribution in Hispanic and Lusophone communities: formal styles and high status speakers are consonantally conservative, while higher deletion is associated with working class speakers and informal styles. The regions that show these sociolinguistic parallels also share comm</subfield></datafield><datafield ind1=' ' ind2=' ' tag='546'><subfield code='a'>English</subfield></datafield><datafield ind1=' ' ind2=' ' tag='504'><subfield code='a'>Includes bibliographical references at the end of each chapters and index.</subfield></datafield><datafield ind1=' ' ind2=' ' tag='588'><subfield code='a'>Description based on print version record.</subfield></datafield><datafield ind1=' ' ind2='0' tag='650'><subfield code='a'>Languages in contact</subfield><subfield code='z'>Iberian Peninsula.</subfield></datafield><datafield ind1=' ' ind2='0' tag='650'><subfield code='a'>Languages in contact</subfield><subfield code='z'>Latin America.</subfield></datafield><datafield ind1=' ' ind2='0' tag='650'><subfield code='a'>Portuguese language</subfield><subfield code='x'>Social aspects.</subfield></datafield><datafield ind1=' ' ind2='0' tag='650'><subfield code='a'>Spanish language</subfield><subfield code='x'>Social aspects.</subfield></datafield><datafield ind1=' ' ind2='0' tag='650'><subfield code='a'>Portuguese language</subfield><subfield code='x'>Grammar.</subfield></datafield><datafield ind1=' ' ind2='0' tag='650'><subfield code='a'>Spanish language</subfield><subfield code='x'>Grammar.</subfield></datafield><datafield ind1=' ' ind2='0' tag='650'><subfield code='a'>Intercultural communication</subfield><subfield code='z'>Iberian Peninsula.</subfield></datafield><datafield ind1=' ' ind2='0' tag='650'><subfield code='a'>Intercultural communication</subfield><subfield code='z'>Latin America.</subfield></datafield><datafield ind1=' ' ind2='0' tag='650'><subfield code='a'>Sociolinguistics.</subfield></datafield><datafield ind1=' ' ind2='4' tag='655'><subfield code='a'>Electronic books.</subfield></datafield><datafield ind1=' ' ind2='0' tag='651'><subfield code='a'>Iberian Peninsula</subfield><subfield code='x'>Languages.</subfield></datafield><datafield ind1=' ' ind2='0' tag='651'><subfield code='a'>Latin America</subfield><subfield code='x'>Languages.</subfield></datafield><datafield ind1=' ' ind2=' ' tag='776'><subfield code='z'>90-272-5800-7</subfield></datafield><datafield ind1=' ' ind2=' ' tag='776'><subfield code='z'>1-322-20590-6</subfield></datafield><datafield ind1='1' ind2=' ' tag='700'><subfield code='a'>Amaral, Patrícia Matos,</subfield><subfield code='d'>1975-</subfield><subfield code='e'>editor.</subfield></datafield><datafield ind1='1' ind2=' ' tag='700'><subfield code='a'>Carvalho, Ana Maria,</subfield><subfield code='e'>editor.</subfield></datafield><datafield ind1=' ' ind2='0' tag='830'><subfield code='a'>Issues in Hispanic and Lusophone Linguistics</subfield></datafield><datafield ind1=' ' ind2=' ' tag='906'><subfield code='a'>BOOK</subfield></datafield><datafield ind1=' ' ind2=' ' tag='PRT'><subfield code='a'>53394951660003811</subfield><subfield code='b'>https://sandbox01-na.alma.exlibrisgroup.com/view/uresolver/01TULI_INST/openurl?u.ignore_date_coverage=true&amp;rft.mms_id=991036736666103811</subfield><subfield code='e'>EBSCOhost</subfield><subfield code='c'>EBSCOhost Academic eBook Collection (North America)</subfield><subfield code='h'>613640000000000029</subfield><subfield code='8'>53394951660003811</subfield></datafield><datafield ind1=' ' ind2=' ' tag='PRT'><subfield code='a'>53423643720003811</subfield><subfield code='b'>https://sandbox01-na.alma.exlibrisgroup.com/view/uresolver/01TULI_INST/openurl?u.ignore_date_coverage=true&amp;rft.mms_id=991036736666103811</subfield><subfield code='e'>Ebook Central</subfield><subfield code='c'>Ebook Central College Complete</subfield><subfield code='h'>614330000000000032</subfield><subfield code='8'>53423643720003811</subfield></datafield><datafield ind1=' ' ind2=' ' tag='PRT'><subfield code='a'>53422706380003811</subfield><subfield code='b'>https://sandbox01-na.alma.exlibrisgroup.com/view/uresolver/01TULI_INST/openurl?u.ignore_date_coverage=true&amp;rft.mms_id=991036736666103811</subfield><subfield code='e'>Ebook Central</subfield><subfield code='c'>Ebook Central Academic Complete</subfield><subfield code='h'>614200000000000002</subfield><subfield code='8'>53422706380003811</subfield></datafield></record>