
  <record xmlns='http://www.loc.gov/MARC21/slim'><leader>02253pam a22005414a 4500</leader><controlfield tag='005'>20170826033305.0</controlfield><controlfield tag='008'>070109s2007    inuab    b   s001 0ceng  </controlfield><controlfield tag='001'>991024332289703811</controlfield><datafield ind1=' ' ind2=' ' tag='010'><subfield code='a'>2007000631</subfield></datafield><datafield ind1=' ' ind2=' ' tag='020'><subfield code='a'>9780253348616 (cloth : alk. paper)</subfield></datafield><datafield ind1=' ' ind2=' ' tag='020'><subfield code='a'>0253348617 (cloth : alk. paper)</subfield></datafield><datafield ind1=' ' ind2=' ' tag='035'><subfield code='a'>(PPT)b32736599-01tuli_inst</subfield></datafield><datafield ind1=' ' ind2=' ' tag='035'><subfield code='a'>(OCoLC)ocn491960253</subfield><subfield code='9'>ExL</subfield></datafield><datafield ind1=' ' ind2=' ' tag='035'><subfield code='a'>DLCOCM77830283</subfield></datafield><datafield ind1=' ' ind2=' ' tag='035'><subfield code='a'>ocm77830283</subfield></datafield><datafield ind1=' ' ind2=' ' tag='035'><subfield code='a'>(OCLC)ocm77830283</subfield></datafield><datafield ind1=' ' ind2=' ' tag='040'><subfield code='a'>DLC</subfield><subfield code='c'>DLC</subfield><subfield code='d'>BAKER</subfield><subfield code='d'>BTCTA</subfield><subfield code='d'>UKM</subfield><subfield code='d'>C#P</subfield></datafield><datafield ind1=' ' ind2=' ' tag='043'><subfield code='a'>s------</subfield><subfield code='a'>e-sp---</subfield><subfield code='a'>e-po---</subfield></datafield><datafield ind1=' ' ind2=' ' tag='079'><subfield code='a'>ocm77830283</subfield></datafield><datafield ind1=' ' ind2=' ' tag='090'><subfield code='a'>F1419.J4</subfield><subfield code='b'>B63 2007</subfield></datafield><datafield ind1='1' ind2=' ' tag='100'><subfield code='a'>Bodian, Miriam,</subfield><subfield code='d'>1948-</subfield></datafield><datafield ind1='1' ind2='0' tag='245'><subfield code='a'>Dying in the law of Moses :</subfield><subfield code='b'>crypto-Jewish martyrdom in the Iberian world /</subfield><subfield code='c'>Miriam Bodian.</subfield></datafield><datafield ind1=' ' ind2=' ' tag='260'><subfield code='a'>Bloomington :</subfield><subfield code='b'>Indiana University Press,</subfield><subfield code='c'>c2007.</subfield></datafield><datafield ind1=' ' ind2=' ' tag='300'><subfield code='a'>xvii, 278 p. :</subfield><subfield code='b'>ill., maps ;</subfield><subfield code='c'>25 cm.</subfield></datafield><datafield ind1='1' ind2=' ' tag='490'><subfield code='a'>The modern Jewish experience.</subfield></datafield><datafield ind1=' ' ind2=' ' tag='504'><subfield code='a'>Includes bibliographical references (p. 253-268) and index.</subfield></datafield><datafield ind1='0' ind2=' ' tag='505'><subfield code='a'>The historical setting -- The dogmatista crypto-Jewish martyrs -- A conquistador&apos;s nephew in New Spain -- A monk of Castanheira -- A converso surgeon in the Viceroyalty of Peru -- A Hebrew scholar at the University of Salamanca -- Echoes in the Portuguese-Jewish diaspora.</subfield></datafield><datafield ind1=' ' ind2=' ' tag='541'><subfield code='a'>Zimmer, William J. Jr. ;</subfield><subfield code='c'>Gift ;</subfield><subfield code='d'>2007</subfield></datafield><datafield ind1=' ' ind2='0' tag='650'><subfield code='a'>Marranos</subfield><subfield code='z'>Latin America</subfield><subfield code='v'>Biography.</subfield></datafield><datafield ind1=' ' ind2='0' tag='650'><subfield code='a'>Marranos</subfield><subfield code='z'>Spain</subfield><subfield code='v'>Biography.</subfield></datafield><datafield ind1=' ' ind2='0' tag='650'><subfield code='a'>Marranos</subfield><subfield code='z'>Portugal</subfield><subfield code='v'>Biography.</subfield></datafield><datafield ind1=' ' ind2='0' tag='650'><subfield code='a'>Jews</subfield><subfield code='x'>Persecutions</subfield><subfield code='z'>Latin America</subfield><subfield code='x'>History</subfield><subfield code='y'>16th century.</subfield></datafield><datafield ind1=' ' ind2='0' tag='650'><subfield code='a'>Jews</subfield><subfield code='x'>Persecutions</subfield><subfield code='z'>Latin America</subfield><subfield code='x'>History</subfield><subfield code='y'>17th century.</subfield></datafield><datafield ind1=' ' ind2='0' tag='650'><subfield code='a'>Jews</subfield><subfield code='x'>Persecutions</subfield><subfield code='z'>Spain</subfield><subfield code='x'>History</subfield><subfield code='y'>16th century.</subfield></datafield><datafield ind1=' ' ind2='0' tag='650'><subfield code='a'>Jews</subfield><subfield code='x'>Persecutions</subfield><subfield code='z'>Spain</subfield><subfield code='x'>History</subfield><subfield code='y'>17th century.</subfield></datafield><datafield ind1=' ' ind2='0' tag='650'><subfield code='a'>Jews</subfield><subfield code='x'>Persecutions</subfield><subfield code='z'>Portugal</subfield><subfield code='x'>History</subfield><subfield code='y'>16th century.</subfield></datafield><datafield ind1=' ' ind2='0' tag='650'><subfield code='a'>Jews</subfield><subfield code='x'>Persecutions</subfield><subfield code='z'>Portugal</subfield><subfield code='x'>History</subfield><subfield code='y'>17th century.</subfield></datafield><datafield ind1=' ' ind2='0' tag='830'><subfield code='a'>Modern Jewish experience (Bloomington, Ind.)</subfield></datafield><datafield ind1=' ' ind2=' ' tag='901'><subfield code='a'>BNA</subfield></datafield><datafield ind1=' ' ind2=' ' tag='901'><subfield code='a'>R7644096</subfield></datafield><datafield ind1=' ' ind2=' ' tag='902'><subfield code='a'>110512</subfield></datafield><datafield ind1=' ' ind2=' ' tag='902'><subfield code='a'>070530AB0701</subfield></datafield><datafield ind1='0' ind2='0' tag='905'><subfield code='a'>Modern Jewish experience</subfield></datafield><datafield ind1=' ' ind2=' ' tag='907'><subfield code='a'>.b32736599</subfield><subfield code='b'>p    </subfield><subfield code='c'>-</subfield></datafield><datafield ind1=' ' ind2=' ' tag='945'><subfield code='l'>pstk </subfield><subfield code='g'>1</subfield></datafield><datafield ind1=' ' ind2=' ' tag='979'><subfield code='a'>ocm77830283</subfield></datafield><datafield ind1=' ' ind2=' ' tag='998'><subfield code='b'>0</subfield><subfield code='c'>070927</subfield><subfield code='d'>m</subfield><subfield code='e'>a</subfield><subfield code='f'>-</subfield><subfield code='g'>0</subfield></datafield><datafield ind1=' ' ind2=' ' tag='998'><subfield code='b'>0</subfield><subfield code='c'>070927</subfield><subfield code='d'>m</subfield><subfield code='e'>a</subfield><subfield code='f'>-</subfield><subfield code='g'>0</subfield></datafield><datafield ind1=' ' ind2=' ' tag='ADM'><subfield code='b'>2017-08-26 07:33:05</subfield><subfield code='e'>b32736599-01tuli_inst</subfield><subfield code='d'>ILS</subfield><subfield code='a'>2017-06-20 09:01:37</subfield><subfield code='c'>false</subfield></datafield><datafield ind1='0' ind2=' ' tag='HLD'><subfield code='b'>MAIN</subfield><subfield code='c'>stacks</subfield><subfield code='h'>F1419.J4</subfield><subfield code='i'>B63 2007</subfield><subfield code='8'>22289805120003811</subfield></datafield><datafield ind1=' ' ind2=' ' tag='ITM'><subfield code='r'>22289805120003811</subfield><subfield code='b'>1</subfield><subfield code='h'>0</subfield><subfield code='g'>stacks</subfield><subfield code='t'>BOOK</subfield><subfield code='9'>39074022952634</subfield><subfield code='e'>stacks</subfield><subfield code='8'>23289805110003811</subfield><subfield code='a'>0</subfield><subfield code='q'>2017-06-20 09:01:37</subfield><subfield code='i'>F1419.J4 B63 2007</subfield><subfield code='d'>MAIN</subfield><subfield code='f'>MAIN</subfield></datafield></record>