
  <record xmlns='http://www.loc.gov/MARC21/slim'><leader>02283nam a22003973u 4500</leader><controlfield tag='001'>991036813375103811</controlfield><controlfield tag='005'>20140113011040.0</controlfield><controlfield tag='006'>m        d        </controlfield><controlfield tag='007'>cr -n---------</controlfield><controlfield tag='008'>140113s1999|||||||     s|||||||||||eng|d</controlfield><datafield ind1=' ' ind2=' ' tag='020'><subfield code='e'>1-280-45109-2</subfield></datafield><datafield ind1=' ' ind2=' ' tag='020'><subfield code='e'>0-19-535729-9</subfield></datafield><datafield ind1=' ' ind2=' ' tag='020'><subfield code='e'>1-4237-6522-2</subfield></datafield><datafield ind1=' ' ind2=' ' tag='020'><subfield code='a'>0-19-509580-4</subfield></datafield><datafield ind1=' ' ind2=' ' tag='035'><subfield code='a'>(CKB)1000000000405259</subfield></datafield><datafield ind1=' ' ind2=' ' tag='035'><subfield code='a'>(EBL)271600</subfield></datafield><datafield ind1=' ' ind2=' ' tag='035'><subfield code='a'>(OCoLC)466425367</subfield></datafield><datafield ind1=' ' ind2=' ' tag='035'><subfield code='a'>(SSID)ssj0000170471</subfield></datafield><datafield ind1=' ' ind2=' ' tag='035'><subfield code='a'>(PQKBManifestationID)11171218</subfield></datafield><datafield ind1=' ' ind2=' ' tag='035'><subfield code='a'>(PQKBTitleCode)TC0000170471</subfield></datafield><datafield ind1=' ' ind2=' ' tag='035'><subfield code='a'>(PQKBWorkID)10215968</subfield></datafield><datafield ind1=' ' ind2=' ' tag='035'><subfield code='a'>(PQKB)10232554</subfield></datafield><datafield ind1=' ' ind2=' ' tag='035'><subfield code='a'>(EXLCZ)991000000000405259</subfield></datafield><datafield ind1=' ' ind2=' ' tag='040'><subfield code='a'>AU-PeEL</subfield><subfield code='b'>eng</subfield><subfield code='c'>AU-PeEL</subfield><subfield code='d'>AU-PeEL</subfield></datafield><datafield ind1=' ' ind2=' ' tag='041'><subfield code='a'>eng</subfield></datafield><datafield ind1=' ' ind2='4' tag='050'><subfield code='a'>DS135.S75 .C336 1999eb</subfield></datafield><datafield ind1='0' ind2='0' tag='082'><subfield code='a'>296.08209463</subfield><subfield code='a'>305.488924</subfield></datafield><datafield ind1='1' ind2=' ' tag='100'><subfield code='a'>Melammed, Renee Levine.</subfield></datafield><datafield ind1=' ' ind2=' ' tag='210'><subfield code='a'>HERETICS OR DAUGHTERS OF ISRAEL?</subfield></datafield><datafield ind1='1' ind2='0' tag='245'><subfield code='a'>Heretics or Daughters of Israel?</subfield><subfield code='h'>[electronic resource] :</subfield><subfield code='b'>The Crypto-Jewish Women of Castile</subfield></datafield><datafield ind1=' ' ind2=' ' tag='260'><subfield code='a'>New York :</subfield><subfield code='b'>Oxford University Press,</subfield><subfield code='c'>1999.</subfield></datafield><datafield ind1=' ' ind2=' ' tag='300'><subfield code='a'>1 online resource (265 p.)</subfield></datafield><datafield ind1=' ' ind2=' ' tag='336'><subfield code='a'>text</subfield><subfield code='b'>txt</subfield></datafield><datafield ind1=' ' ind2=' ' tag='337'><subfield code='a'>computer</subfield><subfield code='b'>c</subfield></datafield><datafield ind1=' ' ind2=' ' tag='338'><subfield code='a'>online resource</subfield><subfield code='b'>cr</subfield></datafield><datafield ind1=' ' ind2=' ' tag='500'><subfield code='a'>Description based upon print version of record.</subfield></datafield><datafield ind1='0' ind2=' ' tag='505'><subfield code='a'>Contents; Introduction: The Judaizing Heresy, the Inquisition, and the Conversas; 1 Jews and Conversas: The First Century of Crypto-Judaism; 2 The Lives of Judaizing Women after 1492; 3 Messianic Turmoil circa 1500; 4 Castilian Conversas at Work; 5 The López-Villarreal Family: Three Convicted Judaizers (1516-1521); 6 The López Women&apos;s Tachas; 7 The Inquisition and the Midwife; 8 The Judaizers of Alcázar at the End of the Sixteenth Century: &quot;&quot;Corks Floating on Water&quot;&quot;; Conclusion Heretics or Daughters of Israel?; Appendix 1; Appendix 2; Appendix 3; Notes; Bibliography; Index; A; B; C; D; E; F</subfield></datafield><datafield ind1='8' ind2=' ' tag='505'><subfield code='a'>GH; I; J; L; M; N; O; P; Q; R; S; T; V; W; X; Y; Z</subfield></datafield><datafield ind1=' ' ind2=' ' tag='520'><subfield code='a'>Between 1391 and the end of the 15th century, many Spanish Jews were forced to convert to Christianity, though many maintained clandestine ties to Judaism. This study demonstrates the role played by the crypto-Jewish women of Castile in the perpetuation of crypto-Jewish traditions and culture.</subfield></datafield><datafield ind1=' ' ind2=' ' tag='546'><subfield code='a'>English</subfield></datafield><datafield ind1=' ' ind2='4' tag='650'><subfield code='a'>History.</subfield></datafield><datafield ind1=' ' ind2='4' tag='650'><subfield code='a'>Inquisition.</subfield></datafield><datafield ind1=' ' ind2='4' tag='650'><subfield code='a'>Jewish Christians.</subfield></datafield><datafield ind1=' ' ind2='4' tag='650'><subfield code='a'>Jewish women.</subfield></datafield><datafield ind1=' ' ind2='4' tag='650'><subfield code='a'>Jews.</subfield></datafield><datafield ind1=' ' ind2='4' tag='650'><subfield code='a'>Jews - Spain - Castile - History.</subfield></datafield><datafield ind1=' ' ind2='4' tag='650'><subfield code='a'>Marranos.</subfield></datafield><datafield ind1=' ' ind2='4' tag='650'><subfield code='a'>Religious life.</subfield></datafield><datafield ind1=' ' ind2='0' tag='655'><subfield code='a'>Electronic books.</subfield></datafield><datafield ind1=' ' ind2='0' tag='650'><subfield code='a'>Jews</subfield><subfield code='x'>History</subfield><subfield code='z'>Castile</subfield><subfield code='z'>Spain</subfield></datafield><datafield ind1=' ' ind2='0' tag='650'><subfield code='a'>Marranos</subfield><subfield code='x'>History</subfield><subfield code='z'>Spain</subfield><subfield code='z'>Castile</subfield></datafield><datafield ind1=' ' ind2='0' tag='650'><subfield code='a'>Jewish Christians</subfield><subfield code='x'>History</subfield><subfield code='z'>Castile</subfield><subfield code='z'>Spain</subfield></datafield><datafield ind1=' ' ind2='0' tag='650'><subfield code='a'>Inquisition</subfield><subfield code='x'>Religious life</subfield><subfield code='z'>Castile</subfield><subfield code='z'>Spain</subfield></datafield><datafield ind1=' ' ind2='0' tag='650'><subfield code='a'>Jewish women</subfield><subfield code='z'>Spain</subfield><subfield code='z'>Castile</subfield></datafield><datafield ind1=' ' ind2='7' tag='650'><subfield code='a'>Middle East</subfield><subfield code='2'>HILCC</subfield></datafield><datafield ind1=' ' ind2='7' tag='650'><subfield code='a'>Regions &amp; Countries - Asia &amp; the Middle East</subfield><subfield code='2'>HILCC</subfield></datafield><datafield ind1=' ' ind2='7' tag='650'><subfield code='a'>History &amp; Archaeology</subfield><subfield code='2'>HILCC</subfield></datafield><datafield ind1=' ' ind2=' ' tag='700'><subfield code='a'>Melammed, Renâee Levine.</subfield><subfield code='e'>Author</subfield></datafield><datafield ind1=' ' ind2=' ' tag='906'><subfield code='a'>BOOK</subfield></datafield><datafield ind1=' ' ind2=' ' tag='PRT'><subfield code='a'>53392321940003811</subfield><subfield code='b'>https://sandbox01-na.alma.exlibrisgroup.com/view/uresolver/01TULI_INST/openurl?u.ignore_date_coverage=true&amp;rft.mms_id=991036813375103811</subfield><subfield code='e'>EBSCOhost</subfield><subfield code='c'>EBSCOhost Academic eBook Collection (North America)</subfield><subfield code='h'>613640000000000029</subfield><subfield code='8'>53392321940003811</subfield></datafield></record>