
  <record xmlns='http://www.loc.gov/MARC21/slim'><leader>02304cam a2200529 i 4500</leader><controlfield tag='005'>20170826005330.0</controlfield><controlfield tag='008'>130502s2013    enk      b    001 0 eng  </controlfield><controlfield tag='001'>991036225899703811</controlfield><datafield ind1=' ' ind2=' ' tag='010'><subfield code='a'>2013014644</subfield></datafield><datafield ind1=' ' ind2=' ' tag='020'><subfield code='a'>9781137295149</subfield></datafield><datafield ind1=' ' ind2=' ' tag='020'><subfield code='a'>1137295147</subfield></datafield><datafield ind1='8' ind2=' ' tag='024'><subfield code='a'>40022503435</subfield></datafield><datafield ind1=' ' ind2=' ' tag='035'><subfield code='a'>(PPT)b54954897-01tuli_inst</subfield></datafield><datafield ind1=' ' ind2=' ' tag='035'><subfield code='a'>(OCoLC)ocn859772223</subfield><subfield code='9'>ExL</subfield></datafield><datafield ind1=' ' ind2=' ' tag='035'><subfield code='a'>(OCoLC)829386973</subfield></datafield><datafield ind1=' ' ind2=' ' tag='035'><subfield code='a'>ocn829386973</subfield></datafield><datafield ind1=' ' ind2=' ' tag='035'><subfield code='a'>(OCLC)ocn829386973</subfield></datafield><datafield ind1=' ' ind2=' ' tag='040'><subfield code='a'>DLC</subfield><subfield code='e'>rda</subfield><subfield code='b'>eng</subfield><subfield code='c'>DLC</subfield><subfield code='d'>YDX</subfield><subfield code='d'>YDXCP</subfield><subfield code='d'>BTCTA</subfield><subfield code='d'>OCLCO</subfield><subfield code='d'>YUS</subfield></datafield><datafield ind1=' ' ind2=' ' tag='042'><subfield code='a'>pcc</subfield></datafield><datafield ind1=' ' ind2=' ' tag='043'><subfield code='a'>e-it---</subfield></datafield><datafield ind1=' ' ind2=' ' tag='079'><subfield code='a'>ocn829386973</subfield></datafield><datafield ind1=' ' ind2=' ' tag='090'><subfield code='a'>DS135.I85</subfield><subfield code='b'>N356 2013</subfield></datafield><datafield ind1='1' ind2=' ' tag='100'><subfield code='a'>Mazur, Peter,</subfield><subfield code='d'>1979-</subfield></datafield><datafield ind1='1' ind2='4' tag='245'><subfield code='a'>The New Christians of Spanish Naples, 1528-1671 :</subfield><subfield code='b'>a fragile elite /</subfield><subfield code='c'>Peter A. Mazur, Research Fellow, University of York.</subfield></datafield><datafield ind1=' ' ind2='1' tag='264'><subfield code='a'>Houndmills, Basingstoke, Hampshire ;</subfield><subfield code='a'>New York :</subfield><subfield code='b'>Palgrave Macmillan,</subfield><subfield code='c'>2013.</subfield></datafield><datafield ind1=' ' ind2=' ' tag='300'><subfield code='a'>vii, 197 pages ;</subfield><subfield code='c'>23 cm</subfield></datafield><datafield ind1=' ' ind2=' ' tag='336'><subfield code='a'>text</subfield><subfield code='2'>rdacontent</subfield></datafield><datafield ind1=' ' ind2=' ' tag='337'><subfield code='a'>unmediated</subfield><subfield code='2'>rdamedia</subfield></datafield><datafield ind1=' ' ind2=' ' tag='338'><subfield code='a'>volume</subfield><subfield code='2'>rdacarrier</subfield></datafield><datafield ind1='1' ind2=' ' tag='490'><subfield code='a'>Early modern history : society and culture</subfield></datafield><datafield ind1=' ' ind2=' ' tag='504'><subfield code='a'>Includes bibliographical references and index.</subfield></datafield><datafield ind1='0' ind2=' ' tag='505'><subfield code='a'>From Jews to New Christians : religious minorities in the making of Spanish Naples -- Conversos in counter-reformation Italy -- &quot;El de los Catalanes&quot; : the first campaign against the New Christians, 1569-1582 -- The rise of the Portuguese merchant bankers, 1580-1656 -- The inquisition against the Vaaz.</subfield></datafield><datafield ind1=' ' ind2='0' tag='650'><subfield code='a'>Jewish Christians</subfield><subfield code='z'>Italy</subfield><subfield code='z'>Naples</subfield><subfield code='x'>History</subfield><subfield code='y'>16th century.</subfield></datafield><datafield ind1=' ' ind2='0' tag='650'><subfield code='a'>Jewish Christians</subfield><subfield code='z'>Italy</subfield><subfield code='z'>Napels</subfield><subfield code='x'>History</subfield><subfield code='y'>17th century.</subfield></datafield><datafield ind1=' ' ind2='0' tag='650'><subfield code='a'>Crypto-Jews</subfield><subfield code='z'>Italy</subfield><subfield code='z'>Naples</subfield><subfield code='x'>History</subfield><subfield code='y'>16th century.</subfield></datafield><datafield ind1=' ' ind2='0' tag='650'><subfield code='a'>Crypto-Jews</subfield><subfield code='z'>Italy</subfield><subfield code='z'>Naples</subfield><subfield code='x'>History</subfield><subfield code='y'>17th century.</subfield></datafield><datafield ind1=' ' ind2='0' tag='650'><subfield code='a'>Elite (Social sciences)</subfield><subfield code='z'>Italy</subfield><subfield code='z'>Naples</subfield><subfield code='x'>History</subfield><subfield code='y'>16th century.</subfield></datafield><datafield ind1=' ' ind2='0' tag='650'><subfield code='a'>Elite (Social sciences)</subfield><subfield code='z'>Italy</subfield><subfield code='z'>Naples</subfield><subfield code='x'>History</subfield><subfield code='y'>17th cenury.</subfield></datafield><datafield ind1=' ' ind2='0' tag='651'><subfield code='a'>Naples (Italy)</subfield><subfield code='x'>Economic conditions</subfield><subfield code='y'>16th century.</subfield></datafield><datafield ind1=' ' ind2='0' tag='651'><subfield code='a'>Naples (Italy)</subfield><subfield code='x'>Economic conditions</subfield><subfield code='y'>17th century.</subfield></datafield><datafield ind1=' ' ind2='0' tag='830'><subfield code='a'>Early modern literature in history (Palgrave Macmillan (Firm))</subfield></datafield><datafield ind1=' ' ind2=' ' tag='902'><subfield code='a'>131010</subfield></datafield><datafield ind1=' ' ind2=' ' tag='907'><subfield code='a'>.b54954897</subfield><subfield code='b'>p    </subfield><subfield code='c'>-</subfield></datafield><datafield ind1=' ' ind2=' ' tag='945'><subfield code='l'>pstk </subfield><subfield code='g'>1</subfield></datafield><datafield ind1=' ' ind2=' ' tag='979'><subfield code='a'>ocn829386973</subfield></datafield><datafield ind1=' ' ind2=' ' tag='998'><subfield code='b'>1</subfield><subfield code='c'>130917</subfield><subfield code='d'>m</subfield><subfield code='e'>a</subfield><subfield code='f'>-</subfield><subfield code='g'>4</subfield></datafield><datafield ind1=' ' ind2=' ' tag='998'><subfield code='b'>1</subfield><subfield code='c'>130917</subfield><subfield code='d'>m</subfield><subfield code='e'>a</subfield><subfield code='f'>-</subfield><subfield code='g'>4</subfield></datafield><datafield ind1=' ' ind2=' ' tag='ADM'><subfield code='b'>2017-08-26 04:53:30</subfield><subfield code='e'>b54954897-01tuli_inst</subfield><subfield code='d'>ILS</subfield><subfield code='a'>2017-06-20 08:27:22</subfield><subfield code='c'>false</subfield></datafield><datafield ind1='0' ind2=' ' tag='HLD'><subfield code='b'>MAIN</subfield><subfield code='c'>stacks</subfield><subfield code='h'>DS135.I85</subfield><subfield code='i'>N356 2013</subfield><subfield code='8'>22282226870003811</subfield></datafield><datafield ind1=' ' ind2=' ' tag='ITM'><subfield code='r'>22282226870003811</subfield><subfield code='b'>1</subfield><subfield code='h'>0</subfield><subfield code='g'>stacks</subfield><subfield code='t'>BOOK</subfield><subfield code='9'>39074026580415</subfield><subfield code='e'>stacks</subfield><subfield code='8'>23282226860003811</subfield><subfield code='a'>0</subfield><subfield code='q'>2017-06-20 08:27:22</subfield><subfield code='i'>DS135.I85 N356 2013</subfield><subfield code='d'>MAIN</subfield><subfield code='f'>MAIN</subfield></datafield></record>