
  <record xmlns='http://www.loc.gov/MARC21/slim'><leader>02392nam a2200505 a 4500</leader><controlfield tag='005'>20170825230736.0</controlfield><controlfield tag='007'>cr unu||||||||                </controlfield><controlfield tag='008'>971021s1997    gw a     b    101 0 eng d</controlfield><controlfield tag='001'>991001046639703811</controlfield><datafield ind1=' ' ind2=' ' tag='020'><subfield code='a'>3540633847</subfield></datafield><datafield ind1=' ' ind2=' ' tag='035'><subfield code='a'>(PPT)b17881845-01tuli_inst</subfield></datafield><datafield ind1=' ' ind2=' ' tag='035'><subfield code='a'>(CStRLIN)ocn480592350</subfield><subfield code='9'>ExL</subfield></datafield><datafield ind1=' ' ind2=' ' tag='035'><subfield code='a'>PATG97-B20896</subfield></datafield><datafield ind1=' ' ind2=' ' tag='035'><subfield code='a'>ocm40291912</subfield></datafield><datafield ind1=' ' ind2=' ' tag='035'><subfield code='a'>(OCLC)ocm40291912</subfield></datafield><datafield ind1=' ' ind2=' ' tag='040'><subfield code='a'>OU</subfield><subfield code='c'>OU</subfield><subfield code='d'>CU</subfield><subfield code='d'>PPT</subfield></datafield><datafield ind1=' ' ind2=' ' tag='079'><subfield code='a'>ocm40291912</subfield></datafield><datafield ind1=' ' ind2=' ' tag='090'><subfield code='a'>QA76.L43x v.1294</subfield></datafield><datafield ind1='2' ind2=' ' tag='111'><subfield code='a'>CRYPTO &apos;97</subfield><subfield code='d'>(1997 :</subfield><subfield code='c'>University of California, Santa Barbara)</subfield></datafield><datafield ind1='1' ind2='0' tag='245'><subfield code='a'>Advances in cryptology, CRYPTO &apos;97 :</subfield><subfield code='b'>17th annual international cryptology conference, Santa Barbara, California, USA, August 17-21, 1997 : proceedings /</subfield><subfield code='c'>Burton S. Kaliski Jr. (ed.).</subfield></datafield><datafield ind1='3' ind2='0' tag='246'><subfield code='a'>CRYPTO &apos;97</subfield></datafield><datafield ind1=' ' ind2=' ' tag='260'><subfield code='a'>Berlin ;</subfield><subfield code='a'>New York :</subfield><subfield code='b'>Springer,</subfield><subfield code='c'>c1997.</subfield></datafield><datafield ind1=' ' ind2=' ' tag='300'><subfield code='a'>xii, 537 p. :</subfield><subfield code='b'>ill. ;</subfield><subfield code='c'>24 cm.</subfield></datafield><datafield ind1=' ' ind2='0' tag='440'><subfield code='a'>Lecture notes in computer science ;</subfield><subfield code='v'>1294</subfield></datafield><datafield ind1=' ' ind2=' ' tag='500'><subfield code='a'>&quot;Sponsored by the International Association for Cryptologic Research (IACR), in cooperation with the IEEE Computer Society Technical Committee on Security and Privacy, Computer Science Department, University of California, Santa Barbara P. vii.</subfield></datafield><datafield ind1=' ' ind2=' ' tag='504'><subfield code='a'>Includes bibliographical references and index.</subfield></datafield><datafield ind1=' ' ind2=' ' tag='590'><subfield code='a'>Access to electronic version is available to the Temple Community through use of a networked computer with a Temple IP address.</subfield></datafield><datafield ind1=' ' ind2=' ' tag='530'><subfield code='a'>Also in electronic version made available by LINK (Online service).</subfield></datafield><datafield ind1=' ' ind2='0' tag='650'><subfield code='a'>Computers</subfield><subfield code='x'>Access control</subfield><subfield code='x'>Congresses.</subfield></datafield><datafield ind1=' ' ind2='0' tag='650'><subfield code='a'>Cryptography</subfield><subfield code='x'>Congresses.</subfield></datafield><datafield ind1='1' ind2=' ' tag='700'><subfield code='a'>Kaliski, Burton S.</subfield></datafield><datafield ind1='2' ind2=' ' tag='710'><subfield code='a'>LINK (Online service)</subfield></datafield><datafield ind1='2' ind2=' ' tag='710'><subfield code='a'>International Association for Cryptologic Research.</subfield></datafield><datafield ind1='2' ind2=' ' tag='710'><subfield code='a'>IEEE Computer Society.</subfield><subfield code='b'>Technical Committee on Security and Privacy.</subfield></datafield><datafield ind1='2' ind2=' ' tag='710'><subfield code='a'>University of California, Santa Barbara.</subfield><subfield code='b'>Computer Science Department.</subfield></datafield><datafield ind1='4' ind2='1' tag='856'><subfield code='z'>Access full text online via Springer.</subfield><subfield code='u'>http://libproxy.temple.edu/login?url=http://www.springerlink.com/link.asp?id=y5xyecqgaqwb  </subfield></datafield><datafield ind1=' ' ind2=' ' tag='902'><subfield code='a'>100105</subfield></datafield><datafield ind1=' ' ind2=' ' tag='907'><subfield code='a'>.b17881845</subfield><subfield code='b'>p    </subfield><subfield code='c'>-</subfield></datafield><datafield ind1=' ' ind2=' ' tag='935'><subfield code='a'>00857256</subfield></datafield><datafield ind1=' ' ind2=' ' tag='945'><subfield code='l'>pstk </subfield><subfield code='g'>1</subfield></datafield><datafield ind1=' ' ind2=' ' tag='950'><subfield code='l'>P</subfield><subfield code='i'>10/21/97 N</subfield></datafield><datafield ind1=' ' ind2=' ' tag='955'><subfield code='l'>P</subfield><subfield code='c'>0</subfield><subfield code='r'>39074010626349</subfield><subfield code='i'>10/21/97 C</subfield></datafield><datafield ind1=' ' ind2=' ' tag='979'><subfield code='a'>ocm40291912</subfield></datafield><datafield ind1=' ' ind2=' ' tag='998'><subfield code='b'>1</subfield><subfield code='c'>990101</subfield><subfield code='d'>m</subfield><subfield code='e'>m</subfield><subfield code='f'>-</subfield><subfield code='g'>0</subfield></datafield><datafield ind1=' ' ind2=' ' tag='998'><subfield code='a'>10/21/97</subfield><subfield code='t'>c</subfield><subfield code='s'>9115</subfield><subfield code='l'>PATG</subfield><subfield code='n'>PPT</subfield><subfield code='w'>CUBGGLAD117969039B</subfield><subfield code='d'>10/21/97</subfield><subfield code='c'>EC</subfield><subfield code='b'>DH</subfield></datafield><datafield ind1=' ' ind2=' ' tag='ADM'><subfield code='b'>2017-08-26 03:07:36</subfield><subfield code='e'>b17881845-01tuli_inst</subfield><subfield code='d'>ILS</subfield><subfield code='a'>2017-06-20 11:41:26</subfield><subfield code='c'>false</subfield></datafield><datafield ind1='0' ind2=' ' tag='HLD'><subfield code='b'>MAIN</subfield><subfield code='c'>stacks</subfield><subfield code='h'>QA76.L43x v.1294</subfield><subfield code='8'>22313012350003811</subfield></datafield><datafield ind1=' ' ind2=' ' tag='ITM'><subfield code='r'>22313012350003811</subfield><subfield code='b'>1</subfield><subfield code='h'>0</subfield><subfield code='g'>stacks</subfield><subfield code='t'>ELEC</subfield><subfield code='9'>39074010626349</subfield><subfield code='e'>stacks</subfield><subfield code='8'>23313012340003811</subfield><subfield code='a'>0</subfield><subfield code='q'>2017-06-20 11:41:26</subfield><subfield code='i'>QA76.L43x v.1294</subfield><subfield code='d'>MAIN</subfield><subfield code='f'>MAIN</subfield></datafield></record>