
  <record xmlns='http://www.loc.gov/MARC21/slim'><leader>02408nam  2200361 a 4500</leader><controlfield tag='001'>991036731194203811</controlfield><controlfield tag='005'>20170918193014.0</controlfield><controlfield tag='006'>m     o  d |      </controlfield><controlfield tag='007'>cr cn|||||||||</controlfield><controlfield tag='008'>100805s2010    wau     ob    001 0 eng d</controlfield><datafield ind1=' ' ind2=' ' tag='010'><subfield code='z'>  2010033490</subfield></datafield><datafield ind1=' ' ind2=' ' tag='020'><subfield code='a'>0-295-80083-6</subfield></datafield><datafield ind1=' ' ind2=' ' tag='035'><subfield code='a'>(CKB)2670000000079261</subfield></datafield><datafield ind1=' ' ind2=' ' tag='035'><subfield code='a'>(OCoLC)708029800</subfield></datafield><datafield ind1=' ' ind2=' ' tag='035'><subfield code='a'>(CaPaEBR)ebrary10456360</subfield></datafield><datafield ind1=' ' ind2=' ' tag='035'><subfield code='a'>(SSID)ssj0000467362</subfield></datafield><datafield ind1=' ' ind2=' ' tag='035'><subfield code='a'>(PQKBManifestationID)11286832</subfield></datafield><datafield ind1=' ' ind2=' ' tag='035'><subfield code='a'>(PQKBTitleCode)TC0000467362</subfield></datafield><datafield ind1=' ' ind2=' ' tag='035'><subfield code='a'>(PQKBWorkID)10490280</subfield></datafield><datafield ind1=' ' ind2=' ' tag='035'><subfield code='a'>(PQKB)11407572</subfield></datafield><datafield ind1=' ' ind2=' ' tag='035'><subfield code='a'>(MiAaPQ)EBC3444286</subfield></datafield><datafield ind1=' ' ind2=' ' tag='035'><subfield code='a'>(EXLCZ)992670000000079261</subfield></datafield><datafield ind1=' ' ind2=' ' tag='040'><subfield code='a'>MiAaPQ</subfield><subfield code='c'>MiAaPQ</subfield><subfield code='d'>MiAaPQ</subfield></datafield><datafield ind1=' ' ind2=' ' tag='041'><subfield code='a'>eng</subfield></datafield><datafield ind1=' ' ind2=' ' tag='043'><subfield code='a'>n-us---</subfield><subfield code='a'>a-is---</subfield><subfield code='a'>e------</subfield></datafield><datafield ind1=' ' ind2='4' tag='050'><subfield code='a'>DS143</subfield><subfield code='b'>.B76 2010</subfield></datafield><datafield ind1=' ' ind2=' ' tag='082'><subfield code='a'>305.892/4</subfield></datafield><datafield ind1='1' ind2=' ' tag='100'><subfield code='a'>Glenn, Susan A.</subfield><subfield code='e'>Editor</subfield></datafield><datafield ind1='0' ind2='0' tag='245'><subfield code='a'>Boundaries of Jewish identity</subfield><subfield code='h'>[electronic resource] /</subfield><subfield code='c'>edited by Susan A. Glenn and Naomi B. Sokoloff.</subfield></datafield><datafield ind1=' ' ind2=' ' tag='260'><subfield code='a'>Seattle :</subfield><subfield code='b'>University of Washington Press,</subfield><subfield code='c'>c2010.</subfield></datafield><datafield ind1=' ' ind2=' ' tag='260'><subfield code='a'>Seattle :</subfield><subfield code='b'>University of Washington Press,</subfield><subfield code='c'>c2010.</subfield></datafield><datafield ind1=' ' ind2=' ' tag='300'><subfield code='a'>1 online resource (259 p.) </subfield></datafield><datafield ind1=' ' ind2=' ' tag='336'><subfield code='a'>text</subfield><subfield code='b'>txt</subfield></datafield><datafield ind1=' ' ind2=' ' tag='337'><subfield code='a'>computer</subfield><subfield code='b'>c</subfield></datafield><datafield ind1=' ' ind2=' ' tag='338'><subfield code='a'>online resource</subfield><subfield code='b'>cr</subfield></datafield><datafield ind1=' ' ind2=' ' tag='500'><subfield code='a'>Bibliographic Level Mode of Issuance: Monograph</subfield></datafield><datafield ind1=' ' ind2=' ' tag='546'><subfield code='a'>English</subfield></datafield><datafield ind1=' ' ind2=' ' tag='504'><subfield code='a'>Includes bibliographical references and index.</subfield></datafield><datafield ind1='0' ind2=' ' tag='505'><subfield code='a'>Are genes Jewish? : conceptual ambiguities in the new genetic age / Susan Martha Kahn -- Who is a Jew? : categories, boundaries, communities, and citizenship law in Israel / Gad Barzilai -- Jewish character? : stereotype and identity in fiction from Israel by Aharon Appelfeld and Sayed Kashua / Naomi B. Sokoloff -- &quot;Funny, you don&apos;t look Jewish&quot; : visual stereotypes and the making of modern Jewish identity / Susan A. Glenn -- Blame, boundaries, and birthrights : Jewish intermarriage in midcentury America / Lila Corwin Berman -- Boundary maintenance and Jewish identity : comparative and historical perspectives / Calvin Goldscheider -- Good bad jews : converts, conversion, and boundary redrawing in modern Russian Jewry : notes toward a new category / Shulamit S. Magnus -- &quot;Jewish like an adjective&quot; : confronting Jewish identities in contemporary Poland / Erica Lehrer -- Conversos, Marranos, and crypto-Latinos : the Jewish question in the American Southwest (and what it can tell us about race and ethnicity) / Jonathan Freedman -- The contested logics of Jewish identity / Laada Bilaniuk.</subfield></datafield><datafield ind1=' ' ind2='0' tag='650'><subfield code='a'>Jews</subfield><subfield code='x'>Identity.</subfield></datafield><datafield ind1=' ' ind2='0' tag='650'><subfield code='a'>Jews</subfield><subfield code='z'>United States</subfield><subfield code='x'>Identity.</subfield></datafield><datafield ind1=' ' ind2='0' tag='650'><subfield code='a'>Jews</subfield><subfield code='z'>Israel</subfield><subfield code='x'>Identity.</subfield></datafield><datafield ind1=' ' ind2='0' tag='650'><subfield code='a'>Jews</subfield><subfield code='z'>Europe</subfield><subfield code='x'>Identity.</subfield></datafield><datafield ind1=' ' ind2='4' tag='655'><subfield code='a'>Electronic books.</subfield></datafield><datafield ind1=' ' ind2=' ' tag='776'><subfield code='z'>0-295-99054-6</subfield></datafield><datafield ind1=' ' ind2=' ' tag='776'><subfield code='z'>0-295-99055-4</subfield></datafield><datafield ind1='1' ind2=' ' tag='700'><subfield code='a'>Glenn, Susan A.</subfield><subfield code='q'>(Susan Anita)</subfield></datafield><datafield ind1='1' ind2=' ' tag='700'><subfield code='a'>Sokoloff, Naomi B.</subfield></datafield><datafield ind1=' ' ind2=' ' tag='906'><subfield code='a'>BOOK</subfield></datafield><datafield ind1=' ' ind2=' ' tag='PRT'><subfield code='a'>53394780600003811</subfield><subfield code='b'>https://sandbox01-na.alma.exlibrisgroup.com/view/uresolver/01TULI_INST/openurl?u.ignore_date_coverage=true&amp;rft.mms_id=991036731194203811</subfield><subfield code='e'>EBSCOhost</subfield><subfield code='c'>EBSCOhost Academic eBook Collection (North America)</subfield><subfield code='h'>613640000000000029</subfield><subfield code='8'>53394780600003811</subfield></datafield><datafield ind1=' ' ind2=' ' tag='PRT'><subfield code='a'>53421644840003811</subfield><subfield code='b'>https://sandbox01-na.alma.exlibrisgroup.com/view/uresolver/01TULI_INST/openurl?u.ignore_date_coverage=true&amp;rft.mms_id=991036731194203811</subfield><subfield code='e'>Ebook Central</subfield><subfield code='c'>Ebook Central Academic Complete</subfield><subfield code='h'>614200000000000002</subfield><subfield code='8'>53421644840003811</subfield></datafield><datafield ind1=' ' ind2=' ' tag='PRT'><subfield code='a'>53425095730003811</subfield><subfield code='b'>https://sandbox01-na.alma.exlibrisgroup.com/view/uresolver/01TULI_INST/openurl?u.ignore_date_coverage=true&amp;rft.mms_id=991036731194203811</subfield><subfield code='e'>Ebook Central</subfield><subfield code='c'>Ebook Central University Press</subfield><subfield code='h'>614330000000000093</subfield><subfield code='8'>53425095730003811</subfield></datafield><datafield ind1=' ' ind2=' ' tag='PRT'><subfield code='a'>53406521360003811</subfield><subfield code='b'>https://sandbox01-na.alma.exlibrisgroup.com/view/uresolver/01TULI_INST/openurl?u.ignore_date_coverage=true&amp;rft.mms_id=991036731194203811</subfield><subfield code='e'>EBSCOhost</subfield><subfield code='c'>eBook Religion Collection</subfield><subfield code='h'>613790000000001583</subfield><subfield code='8'>53406521360003811</subfield></datafield></record>