
  <record xmlns='http://www.loc.gov/MARC21/slim'><leader>02409nam a2200505 a 4500</leader><controlfield tag='005'>20170826032103.0</controlfield><controlfield tag='007'>cr unu||||||||               </controlfield><controlfield tag='008'>961007s1996    gw a     b    101 0 eng d</controlfield><controlfield tag='001'>991035833379703811</controlfield><datafield ind1=' ' ind2=' ' tag='020'><subfield code='a'>3540615121</subfield></datafield><datafield ind1=' ' ind2=' ' tag='035'><subfield code='a'>(PPT)b1745637x-01tuli_inst</subfield></datafield><datafield ind1=' ' ind2=' ' tag='035'><subfield code='a'>(CStRLIN)ocn477382065</subfield><subfield code='9'>ExL</subfield></datafield><datafield ind1=' ' ind2=' ' tag='035'><subfield code='a'>PATG96-B36233</subfield></datafield><datafield ind1=' ' ind2=' ' tag='035'><subfield code='a'>ocn187446612</subfield></datafield><datafield ind1=' ' ind2=' ' tag='035'><subfield code='a'>(OCLC)ocn187446612</subfield></datafield><datafield ind1=' ' ind2=' ' tag='040'><subfield code='a'>CU</subfield><subfield code='c'>CU</subfield><subfield code='d'>PPT</subfield></datafield><datafield ind1=' ' ind2=' ' tag='079'><subfield code='a'>ocn187446612</subfield></datafield><datafield ind1=' ' ind2=' ' tag='090'><subfield code='a'>QA76.L43x v.1109</subfield></datafield><datafield ind1='2' ind2=' ' tag='111'><subfield code='a'>CRYPTO &apos;96</subfield><subfield code='d'>(1996 :</subfield><subfield code='c'>University of California, Santa Barbara)</subfield></datafield><datafield ind1='1' ind2='0' tag='245'><subfield code='a'>Advances in cryptology, CRYPTO &apos;96 :</subfield><subfield code='b'>16th annual international cryptology conference, Santa Barbara, California, USA, August 18-22, 1996 : proceedings /</subfield><subfield code='c'>Neal Koblitz (ed.).</subfield></datafield><datafield ind1='3' ind2='0' tag='246'><subfield code='a'>CRYPTO &apos;96</subfield></datafield><datafield ind1=' ' ind2=' ' tag='260'><subfield code='a'>Berlin ;</subfield><subfield code='a'>New York :</subfield><subfield code='b'>Springer,</subfield><subfield code='c'>c1996.</subfield></datafield><datafield ind1=' ' ind2=' ' tag='300'><subfield code='a'>xii, 415 p. :</subfield><subfield code='b'>ill. ;</subfield><subfield code='c'>24 cm.</subfield></datafield><datafield ind1=' ' ind2='0' tag='440'><subfield code='a'>Lecture notes in computer science ;</subfield><subfield code='v'>1109</subfield></datafield><datafield ind1=' ' ind2=' ' tag='500'><subfield code='a'>&quot;Sponsored by the International Association for Cryptologic Research (IACR), in cooperation with the IEEE Computer Society Technical Committee on Security and Privacy and the Computer Science Department of the University of California at Santa Barbara (UCSB)&quot;--Pref. p. [v].</subfield></datafield><datafield ind1=' ' ind2=' ' tag='504'><subfield code='a'>Includes bibliographical references and index.</subfield></datafield><datafield ind1=' ' ind2=' ' tag='590'><subfield code='a'>Access to electronic version is available to the Temple Community through use of a networked computer with a Temple IP address.</subfield></datafield><datafield ind1=' ' ind2=' ' tag='530'><subfield code='a'>Also in electronic version made available by LINK (Online service).</subfield></datafield><datafield ind1=' ' ind2='0' tag='650'><subfield code='a'>Computers</subfield><subfield code='x'>Access control</subfield><subfield code='x'>Congresses.</subfield></datafield><datafield ind1=' ' ind2='0' tag='650'><subfield code='a'>Cryptography</subfield><subfield code='x'>Congresses.</subfield></datafield><datafield ind1='1' ind2=' ' tag='700'><subfield code='a'>Koblitz, Neal,</subfield><subfield code='d'>1948-</subfield></datafield><datafield ind1='2' ind2=' ' tag='710'><subfield code='a'>LINK (Online service)</subfield></datafield><datafield ind1='2' ind2=' ' tag='710'><subfield code='a'>International Association for Cryptologic Research.</subfield></datafield><datafield ind1='2' ind2=' ' tag='710'><subfield code='a'>IEEE Computer Society.</subfield><subfield code='b'>Technical Committee on Security and Privacy.</subfield></datafield><datafield ind1='2' ind2=' ' tag='710'><subfield code='a'>University of California, Santa Barbara.</subfield><subfield code='b'>Computer Science Department.</subfield></datafield><datafield ind1='4' ind2='1' tag='856'><subfield code='z'>Access full text online via Springer.</subfield><subfield code='u'>http://libproxy.temple.edu/login?url=http://www.springerlink.com/link.asp?id=deh4ylbf25un  </subfield></datafield><datafield ind1=' ' ind2=' ' tag='902'><subfield code='a'>100104</subfield></datafield><datafield ind1=' ' ind2=' ' tag='907'><subfield code='a'>.b1745637x</subfield><subfield code='b'>k    </subfield><subfield code='c'>-</subfield></datafield><datafield ind1=' ' ind2=' ' tag='935'><subfield code='a'>00811670</subfield></datafield><datafield ind1=' ' ind2=' ' tag='945'><subfield code='l'>kstk </subfield><subfield code='g'>1</subfield></datafield><datafield ind1=' ' ind2=' ' tag='950'><subfield code='l'>P</subfield><subfield code='i'>10/07/96 N</subfield></datafield><datafield ind1=' ' ind2=' ' tag='955'><subfield code='l'>P</subfield><subfield code='c'>0</subfield><subfield code='r'>39074011021516</subfield><subfield code='i'>10/07/96 C</subfield></datafield><datafield ind1=' ' ind2=' ' tag='979'><subfield code='a'>ocn187446612</subfield></datafield><datafield ind1=' ' ind2=' ' tag='998'><subfield code='b'>1</subfield><subfield code='c'>990101</subfield><subfield code='d'>m</subfield><subfield code='e'>m</subfield><subfield code='f'>-</subfield><subfield code='g'>0</subfield></datafield><datafield ind1=' ' ind2=' ' tag='998'><subfield code='a'>10/07/96</subfield><subfield code='t'>c</subfield><subfield code='s'>9115</subfield><subfield code='l'>PATG</subfield><subfield code='n'>PPT</subfield><subfield code='w'>NJPG96B55705</subfield><subfield code='d'>10/07/96</subfield><subfield code='c'>EC</subfield><subfield code='b'>CW</subfield></datafield><datafield ind1=' ' ind2=' ' tag='ADM'><subfield code='b'>2017-08-26 07:21:03</subfield><subfield code='e'>b1745637x-01tuli_inst</subfield><subfield code='d'>ILS</subfield><subfield code='a'>2017-06-20 05:56:37</subfield><subfield code='c'>false</subfield></datafield><datafield ind1='0' ind2=' ' tag='HLD'><subfield code='b'>KARDON</subfield><subfield code='c'>p_remote</subfield><subfield code='h'>QA76.L43x v.1109</subfield><subfield code='8'>22238430960003811</subfield></datafield><datafield ind1=' ' ind2=' ' tag='ITM'><subfield code='r'>22238430960003811</subfield><subfield code='b'>1</subfield><subfield code='h'>0</subfield><subfield code='g'>p_remote</subfield><subfield code='t'>ELEC</subfield><subfield code='9'>39074011021516</subfield><subfield code='e'>p_remote</subfield><subfield code='8'>23238430920003811</subfield><subfield code='a'>0</subfield><subfield code='q'>2017-06-20 05:56:37</subfield><subfield code='i'>QA76.L43x v.1109</subfield><subfield code='d'>KARDON</subfield><subfield code='f'>KARDON</subfield></datafield></record>