
  <record xmlns='http://www.loc.gov/MARC21/slim'><leader>02446cam a2200577Ii 4500</leader><controlfield tag='005'>20170826032620.0</controlfield><controlfield tag='008'>790118s1935    nyu           001 0 eng d</controlfield><controlfield tag='001'>991025574929703811</controlfield><datafield ind1=' ' ind2=' ' tag='010'><subfield code='a'>35002784</subfield></datafield><datafield ind1=' ' ind2=' ' tag='035'><subfield code='a'>(PPT)b6255217x-01tuli_inst</subfield></datafield><datafield ind1=' ' ind2=' ' tag='035'><subfield code='a'>(OCoLC)4562390</subfield><subfield code='z'>(OCoLC)4153959</subfield><subfield code='z'>(OCoLC)31264207</subfield></datafield><datafield ind1=' ' ind2=' ' tag='035'><subfield code='a'>ocm04562390</subfield></datafield><datafield ind1=' ' ind2=' ' tag='035'><subfield code='a'>(OCLC)ocm04562390</subfield></datafield><datafield ind1=' ' ind2=' ' tag='040'><subfield code='a'>CLU</subfield><subfield code='b'>eng</subfield><subfield code='e'>rda</subfield><subfield code='c'>CLU</subfield><subfield code='d'>OCL</subfield><subfield code='d'>APL</subfield><subfield code='d'>OCLCG</subfield><subfield code='d'>UPM</subfield><subfield code='d'>UIU</subfield><subfield code='d'>OCLCQ</subfield><subfield code='d'>OCLCF</subfield><subfield code='d'>OCLCQ</subfield><subfield code='d'>KSU</subfield></datafield><datafield ind1=' ' ind2=' ' tag='043'><subfield code='a'>n-us---</subfield></datafield><datafield ind1='0' ind2='0' tag='050'><subfield code='a'>DS145</subfield><subfield code='b'>.S7</subfield></datafield><datafield ind1=' ' ind2=' ' tag='079'><subfield code='a'>ocm04562390</subfield></datafield><datafield ind1=' ' ind2=' ' tag='090'><subfield code='a'>DS145</subfield><subfield code='b'>.S65 1935 Whiteman</subfield></datafield><datafield ind1='1' ind2=' ' tag='100'><subfield code='a'>Sokolsky, George E.</subfield><subfield code='q'>(George Ephraim),</subfield><subfield code='d'>1893-1962,</subfield><subfield code='e'>author.</subfield></datafield><datafield ind1='1' ind2='0' tag='245'><subfield code='a'>We Jews /</subfield><subfield code='c'>George E. Sokolsky.</subfield></datafield><datafield ind1=' ' ind2=' ' tag='250'><subfield code='a'>First edition.</subfield></datafield><datafield ind1=' ' ind2='1' tag='264'><subfield code='a'>Garden City, New York :</subfield><subfield code='b'>Doubleday, Doran &amp; Company, Inc.,</subfield><subfield code='c'>1935.</subfield></datafield><datafield ind1=' ' ind2=' ' tag='300'><subfield code='a'>xxiv, 304 pages ;</subfield><subfield code='c'>21 cm</subfield></datafield><datafield ind1=' ' ind2=' ' tag='336'><subfield code='a'>text</subfield><subfield code='b'>txt</subfield><subfield code='2'>rdacontent</subfield></datafield><datafield ind1=' ' ind2=' ' tag='337'><subfield code='a'>unmediated</subfield><subfield code='b'>n</subfield><subfield code='2'>rdamedia</subfield></datafield><datafield ind1=' ' ind2=' ' tag='338'><subfield code='a'>volume</subfield><subfield code='b'>nc</subfield><subfield code='2'>rdacarrier</subfield></datafield><datafield ind1=' ' ind2=' ' tag='500'><subfield code='a'>Includes index.</subfield></datafield><datafield ind1=' ' ind2=' ' tag='500'><subfield code='a'>&quot;Printed at the Country Life Press, Garden City, N.Y, U.S.A.&quot; -- Title page verso.</subfield></datafield><datafield ind1='0' ind2=' ' tag='505'><subfield code='a'>They say... -- Jews that pass -- Discrimination -- The cost of economic discrimination -- Jews in the United States -- The vitality of God.</subfield></datafield><datafield ind1=' ' ind2=' ' tag='541'><subfield code='a'>Whiteman, Maxwell ;</subfield><subfield code='c'>Gift</subfield></datafield><datafield ind1=' ' ind2=' ' tag='563'><subfield code='a'>In publisher&apos;s black cloth with spine title printed in yellow, cover title stamped in blind, and top edges stained green.</subfield><subfield code='5'>PPT</subfield></datafield><datafield ind1=' ' ind2=' ' tag='580'><subfield code='a'>Forms part of the Maxwell Whiteman Collection.</subfield></datafield><datafield ind1=' ' ind2=' ' tag='590'><subfield code='a'>SCRC copy with laid in newspaper clipping of article by Sokolsky. Has book plate and manuscript signature of Samuel Tachner on front free endpaper, dated October 23rd, 1936.</subfield></datafield><datafield ind1=' ' ind2='0' tag='650'><subfield code='a'>Antisemitism.</subfield></datafield><datafield ind1=' ' ind2='0' tag='650'><subfield code='a'>Jews</subfield><subfield code='x'>Social conditions.</subfield></datafield><datafield ind1=' ' ind2='0' tag='650'><subfield code='a'>Jews</subfield><subfield code='x'>Politics and government.</subfield></datafield><datafield ind1=' ' ind2='0' tag='650'><subfield code='a'>Jews</subfield><subfield code='z'>United States.</subfield></datafield><datafield ind1=' ' ind2='7' tag='650'><subfield code='a'>Jews.</subfield><subfield code='2'>fast</subfield><subfield code='0'>(OCoLC)fst00983135</subfield></datafield><datafield ind1=' ' ind2='7' tag='650'><subfield code='a'>Jews</subfield><subfield code='x'>Politics and government.</subfield><subfield code='2'>fast</subfield><subfield code='0'>(OCoLC)fst00983330</subfield></datafield><datafield ind1=' ' ind2='7' tag='650'><subfield code='a'>Jews</subfield><subfield code='x'>Social conditions.</subfield><subfield code='2'>fast</subfield><subfield code='0'>(OCoLC)fst00983360</subfield></datafield><datafield ind1=' ' ind2='7' tag='651'><subfield code='a'>United States.</subfield><subfield code='2'>fast</subfield><subfield code='0'>(OCoLC)fst01204155</subfield></datafield><datafield ind1='1' ind2=' ' tag='700'><subfield code='a'>Tachner, Samuel,</subfield><subfield code='e'>former owner.</subfield><subfield code='5'>PPT</subfield></datafield><datafield ind1='1' ind2=' ' tag='700'><subfield code='a'>Whiteman, Maxwell,</subfield><subfield code='e'>former owner.</subfield><subfield code='5'>PPT</subfield></datafield><datafield ind1='2' ind2=' ' tag='710'><subfield code='a'>Country Life Press,</subfield><subfield code='e'>printer.</subfield></datafield><datafield ind1='0' ind2='8' tag='773'><subfield code='t'>Maxwell Whiteman Collection</subfield></datafield><datafield ind1=' ' ind2=' ' tag='902'><subfield code='a'>160824</subfield></datafield><datafield ind1=' ' ind2=' ' tag='907'><subfield code='a'>.b6255217x</subfield><subfield code='b'>s    </subfield><subfield code='c'>-</subfield></datafield><datafield ind1=' ' ind2=' ' tag='945'><subfield code='l'>srare</subfield><subfield code='g'>1</subfield></datafield><datafield ind1=' ' ind2=' ' tag='979'><subfield code='a'>ocm04562390</subfield></datafield><datafield ind1=' ' ind2=' ' tag='998'><subfield code='b'>0</subfield><subfield code='c'>160802</subfield><subfield code='d'>m</subfield><subfield code='e'>a</subfield><subfield code='f'>-</subfield><subfield code='g'>0</subfield></datafield><datafield ind1=' ' ind2=' ' tag='998'><subfield code='a'>08/02/16</subfield><subfield code='s'>OCLC</subfield><subfield code='c'>MKD</subfield></datafield><datafield ind1=' ' ind2=' ' tag='ADM'><subfield code='b'>2018-03-15 23:40:52</subfield><subfield code='e'>b6255217x-01tuli_inst</subfield><subfield code='d'>ILS</subfield><subfield code='a'>2017-06-20 07:05:33</subfield><subfield code='c'>false</subfield></datafield><datafield ind1='0' ind2=' ' tag='HLD'><subfield code='b'>SCRC</subfield><subfield code='c'>rarestacks</subfield><subfield code='h'>DS145</subfield><subfield code='i'>.S65 1935 Whiteman</subfield><subfield code='8'>22260669990003811</subfield></datafield><datafield ind1=' ' ind2=' ' tag='ITM'><subfield code='r'>22260669990003811</subfield><subfield code='b'>1</subfield><subfield code='h'>0</subfield><subfield code='g'>rarestacks</subfield><subfield code='t'>BOOK</subfield><subfield code='9'>39074026939553</subfield><subfield code='e'>rarestacks</subfield><subfield code='8'>23260669960003811</subfield><subfield code='a'>4</subfield><subfield code='q'>2017-06-20 07:05:33</subfield><subfield code='i'>DS145 .S65 1935 Whiteman</subfield><subfield code='d'>SCRC</subfield><subfield code='f'>SCRC</subfield></datafield></record>