
  <record xmlns='http://www.loc.gov/MARC21/slim'><leader>02483cam a2200409 a 4500</leader><controlfield tag='005'>20170826031416.0</controlfield><controlfield tag='008'>041110s2005    cau           001 0 eng  </controlfield><controlfield tag='001'>991004111539703811</controlfield><datafield ind1=' ' ind2=' ' tag='010'><subfield code='a'>2004026724</subfield></datafield><datafield ind1=' ' ind2=' ' tag='020'><subfield code='a'>0787979155 (alk. paper)</subfield></datafield><datafield ind1=' ' ind2=' ' tag='035'><subfield code='a'>(PPT)b28009356-01tuli_inst</subfield></datafield><datafield ind1=' ' ind2=' ' tag='035'><subfield code='a'>ocn490499392</subfield><subfield code='9'>ExL</subfield></datafield><datafield ind1=' ' ind2=' ' tag='035'><subfield code='a'>PPTb28009356</subfield></datafield><datafield ind1=' ' ind2=' ' tag='035'><subfield code='a'>ocm57124175</subfield></datafield><datafield ind1=' ' ind2=' ' tag='035'><subfield code='a'>(OCLC)ocm57124175</subfield></datafield><datafield ind1=' ' ind2=' ' tag='040'><subfield code='a'>DLC</subfield><subfield code='c'>DLC</subfield><subfield code='d'>UKM</subfield><subfield code='d'>OCLCQ</subfield><subfield code='d'>C#P</subfield><subfield code='d'>PPT</subfield></datafield><datafield ind1='1' ind2=' ' tag='041'><subfield code='a'>eng</subfield><subfield code='h'>heb</subfield></datafield><datafield ind1=' ' ind2=' ' tag='042'><subfield code='a'>pcc</subfield></datafield><datafield ind1=' ' ind2=' ' tag='079'><subfield code='a'>ocm57124175</subfield></datafield><datafield ind1=' ' ind2=' ' tag='090'><subfield code='a'>DS143</subfield><subfield code='b'>.S74 2005</subfield></datafield><datafield ind1='1' ind2=' ' tag='100'><subfield code='a'>Steinsaltz, Adin.</subfield></datafield><datafield ind1='1' ind2='0' tag='245'><subfield code='a'>We Jews :</subfield><subfield code='b'>who are we and what should we do? /</subfield><subfield code='c'>Rabbi Adin Steinsaltz ; translated by Yehuda Hanegbi and Rebecca Toueg.</subfield></datafield><datafield ind1=' ' ind2=' ' tag='250'><subfield code='a'>1st ed.</subfield></datafield><datafield ind1=' ' ind2=' ' tag='260'><subfield code='a'>San Francisco :</subfield><subfield code='b'>Jossey-Bass,</subfield><subfield code='c'>c2005.</subfield></datafield><datafield ind1=' ' ind2=' ' tag='300'><subfield code='a'>xix, 204 p. ;</subfield><subfield code='c'>22 cm.</subfield></datafield><datafield ind1=' ' ind2=' ' tag='500'><subfield code='a'>&quot;An Arthur Kurzweil book.&quot;</subfield></datafield><datafield ind1=' ' ind2=' ' tag='500'><subfield code='a'>Includes index.</subfield></datafield><datafield ind1='0' ind2=' ' tag='505'><subfield code='a'>Are we actors with masks? : our ability to assimilate has been too effective for our own good -- Are we shattered into pieces? : despite what anti-semites have said, our infighting and historical circumstances have never allowed unity nor a unified leadership -- Are we a nation or a religion? : our people are not a religion, nor a nation, nor an ethnic group, nor a race -- Do we have our own set of character traits? : yes, but sometimes we use them and sometimes we abuse them -- Is money our god? : the slander, lies, and misunderstandings regarding Jews and money -- Why do we want to save the world? : exploring the Jewish messiah complex -- Are we excessively warm or excessively cold? : the seemingly contradictory phenomena of Jewish emotionalism and intellectualism -- Why are our people involved in idolatry? : our theocentric nature and our temptation to create and worship idols -- What is our role in the world? : our &quot;chosen&quot; status demands that we be the priests to the world -- How does our Jewishness influence our thinking process? : Marx, Freud, Einstein, and the Jewish search for unifying principles -- How does anti-semitism affect other people? : the correlation between a country&apos;s health and how well it treats its Jews -- What will become of the Jewish people?</subfield></datafield><datafield ind1=' ' ind2='0' tag='650'><subfield code='a'>Jews</subfield><subfield code='x'>Identity.</subfield></datafield><datafield ind1=' ' ind2='0' tag='650'><subfield code='a'>Jews</subfield><subfield code='x'>Attitudes.</subfield></datafield><datafield ind1=' ' ind2='0' tag='650'><subfield code='a'>Jews</subfield><subfield code='x'>Social conditions.</subfield></datafield><datafield ind1=' ' ind2=' ' tag='902'><subfield code='a'>110512</subfield></datafield><datafield ind1=' ' ind2=' ' tag='907'><subfield code='a'>.b28009356</subfield><subfield code='b'>p    </subfield><subfield code='c'>-</subfield></datafield><datafield ind1=' ' ind2=' ' tag='945'><subfield code='l'>pstk </subfield><subfield code='g'>1</subfield></datafield><datafield ind1=' ' ind2=' ' tag='979'><subfield code='a'>ocm57124175</subfield></datafield><datafield ind1=' ' ind2=' ' tag='998'><subfield code='b'>0</subfield><subfield code='c'>050714</subfield><subfield code='d'>m</subfield><subfield code='e'>a</subfield><subfield code='f'>-</subfield><subfield code='g'>0</subfield></datafield><datafield ind1=' ' ind2=' ' tag='998'><subfield code='a'>07/14/05</subfield><subfield code='s'>LC</subfield><subfield code='c'>MW</subfield></datafield><datafield ind1=' ' ind2=' ' tag='ADM'><subfield code='b'>2017-08-26 07:14:16</subfield><subfield code='e'>b28009356-01tuli_inst</subfield><subfield code='d'>ILS</subfield><subfield code='a'>2017-06-20 11:11:07</subfield><subfield code='c'>false</subfield></datafield><datafield ind1='0' ind2=' ' tag='HLD'><subfield code='b'>MAIN</subfield><subfield code='c'>stacks</subfield><subfield code='h'>DS143</subfield><subfield code='i'>.S74 2005</subfield><subfield code='8'>22309651650003811</subfield></datafield><datafield ind1=' ' ind2=' ' tag='ITM'><subfield code='r'>22309651650003811</subfield><subfield code='b'>1</subfield><subfield code='h'>0</subfield><subfield code='g'>stacks</subfield><subfield code='t'>BOOK</subfield><subfield code='9'>39074017194788</subfield><subfield code='e'>stacks</subfield><subfield code='8'>23309651640003811</subfield><subfield code='a'>0</subfield><subfield code='q'>2017-06-20 11:11:07</subfield><subfield code='i'>DS143 .S74 2005</subfield><subfield code='d'>MAIN</subfield><subfield code='f'>MAIN</subfield></datafield></record>