
  <record xmlns='http://www.loc.gov/MARC21/slim'><leader>02496cgm a2200541 a 4500</leader><controlfield tag='005'>20170825205118.0</controlfield><controlfield tag='007'>vd cvaizu</controlfield><controlfield tag='008'>040617s2000    mdu116            vleng d</controlfield><controlfield tag='001'>991013953339703811</controlfield><datafield ind1='1' ind2=' ' tag='024'><subfield code='a'>826923123493</subfield></datafield><datafield ind1=' ' ind2=' ' tag='035'><subfield code='a'>(PPT)b3048652x-01tuli_inst</subfield></datafield><datafield ind1=' ' ind2=' ' tag='035'><subfield code='a'>(CStRLIN)ocn491753591</subfield><subfield code='9'>ExL</subfield></datafield><datafield ind1=' ' ind2=' ' tag='035'><subfield code='a'>PPTb3048652x</subfield></datafield><datafield ind1=' ' ind2=' ' tag='035'><subfield code='a'>ocm55666804</subfield></datafield><datafield ind1=' ' ind2=' ' tag='035'><subfield code='a'>(OCLC)ocm55666804</subfield></datafield><datafield ind1=' ' ind2=' ' tag='040'><subfield code='a'>WSE</subfield><subfield code='c'>WSE</subfield><subfield code='d'>OCLCQ</subfield><subfield code='d'>UPB</subfield><subfield code='d'>PPT</subfield></datafield><datafield ind1=' ' ind2=' ' tag='079'><subfield code='a'>ocm55666804</subfield></datafield><datafield ind1=' ' ind2=' ' tag='090'><subfield code='a'>BM535</subfield><subfield code='b'>.J468x 2000 </subfield></datafield><datafield ind1='0' ind2='0' tag='245'><subfield code='a'>Jews &amp; Christians</subfield><subfield code='h'>[videorecording] :</subfield><subfield code='b'>a journey of faith /</subfield><subfield code='c'>a documentary by Gerald Krell and Meyer Odze ; Auteur Productions ; Connecticut Public Television ; producer, director, Gerald Krell ; producer, Meyer Odze ; primary scholar, writer, Marvin R. Wilson.</subfield></datafield><datafield ind1='3' ind2=' ' tag='246'><subfield code='a'>Jews and Christians</subfield></datafield><datafield ind1=' ' ind2=' ' tag='260'><subfield code='a'>Potomac, MD :</subfield><subfield code='b'>Auteur Productions,</subfield><subfield code='c'>c2000.</subfield></datafield><datafield ind1=' ' ind2=' ' tag='300'><subfield code='a'>1 videodisc (ca. 116 min.) :</subfield><subfield code='b'>sd., col. ;</subfield><subfield code='c'>4 3/4 in. +</subfield><subfield code='e'>1 study guide (46 p. ; 28 cm.)</subfield></datafield><datafield ind1=' ' ind2=' ' tag='504'><subfield code='a'>Includes bibliography in study guide: p. 42-45.</subfield></datafield><datafield ind1=' ' ind2=' ' tag='538'><subfield code='a'>DVD.</subfield></datafield><datafield ind1='0' ind2=' ' tag='511'><subfield code='a'>Featuring Edward Atkinson ... [et al.].</subfield></datafield><datafield ind1=' ' ind2=' ' tag='508'><subfield code='a'>Videographer, editor, Meyer Odze ; additional videography, Jim Norling, Tom Fahey, Jim Billipp ; primary scholar of Judaism, A. James Kudin ; associate producers, Cindee T. Jacobs, Adam Krell ; composer, Ray Loring.</subfield></datafield><datafield ind1=' ' ind2=' ' tag='500'><subfield code='a'>Based on the book &quot;Our father Abraham : Jewish roots of the Christian faith,&quot; by Marvin R. Wilson.</subfield></datafield><datafield ind1=' ' ind2=' ' tag='500'><subfield code='a'>Study guide written to accompany VHS version, including running time of segments.</subfield></datafield><datafield ind1=' ' ind2=' ' tag='520'><subfield code='a'>A documentary designed to foster greater understanding between Jews and Christians through mutual appreciation for each faith&apos;s history and teachings.</subfield></datafield><datafield ind1=' ' ind2='0' tag='650'><subfield code='a'>Judaism</subfield><subfield code='x'>Relations</subfield><subfield code='x'>Christianity.</subfield></datafield><datafield ind1=' ' ind2='0' tag='650'><subfield code='a'>Christianity and other religions</subfield><subfield code='x'>Judaism.</subfield></datafield><datafield ind1=' ' ind2='0' tag='650'><subfield code='a'>Christianity</subfield><subfield code='x'>Origin.</subfield></datafield><datafield ind1=' ' ind2='7' tag='655'><subfield code='a'>Documentary television programs.</subfield><subfield code='2'>lcgft</subfield></datafield><datafield ind1='1' ind2=' ' tag='700'><subfield code='a'>Krell, Gerald.</subfield></datafield><datafield ind1='1' ind2=' ' tag='700'><subfield code='a'>Odze, Meyer.</subfield></datafield><datafield ind1='1' ind2=' ' tag='700'><subfield code='a'>Atkinson, E.</subfield><subfield code='q'>(Edward)</subfield></datafield><datafield ind1='1' ind2=' ' tag='700'><subfield code='a'>Loring, Ray.</subfield></datafield><datafield ind1='1' ind2=' ' tag='700'><subfield code='a'>Wilson, Marvin R.,</subfield><subfield code='d'>1935-</subfield><subfield code='t'>Our father Abraham.</subfield></datafield><datafield ind1='2' ind2=' ' tag='710'><subfield code='a'>Auteur Productions.</subfield></datafield><datafield ind1='2' ind2=' ' tag='710'><subfield code='a'>Connecticut Public Television.</subfield></datafield><datafield ind1='4' ind2='2' tag='856'><subfield code='z'>Access the companion website.</subfield><subfield code='u'>http://www.jewsandchristiansjourney.com/</subfield></datafield><datafield ind1=' ' ind2=' ' tag='902'><subfield code='a'>130919</subfield></datafield><datafield ind1=' ' ind2=' ' tag='907'><subfield code='a'>.b3048652x</subfield><subfield code='b'>pmed </subfield><subfield code='c'>g</subfield></datafield><datafield ind1=' ' ind2=' ' tag='945'><subfield code='l'>pmed </subfield><subfield code='u'>v.disc</subfield><subfield code='g'>1</subfield></datafield><datafield ind1=' ' ind2=' ' tag='945'><subfield code='l'>pmed </subfield><subfield code='u'>v.guide</subfield><subfield code='g'>1</subfield></datafield><datafield ind1=' ' ind2=' ' tag='979'><subfield code='a'>ocm55666804</subfield></datafield><datafield ind1=' ' ind2=' ' tag='998'><subfield code='b'>0</subfield><subfield code='c'>061108</subfield><subfield code='d'>m</subfield><subfield code='e'>g</subfield><subfield code='f'>g</subfield><subfield code='g'>0</subfield></datafield><datafield ind1=' ' ind2=' ' tag='998'><subfield code='a'>11/08/06</subfield><subfield code='s'>RLIN</subfield><subfield code='c'>CDC</subfield></datafield><datafield ind1=' ' ind2=' ' tag='ADM'><subfield code='b'>2017-08-26 00:51:18</subfield><subfield code='e'>b3048652x-01tuli_inst</subfield><subfield code='d'>ILS</subfield><subfield code='a'>2017-06-20 07:29:19</subfield><subfield code='c'>false</subfield></datafield><datafield ind1='0' ind2=' ' tag='HLD'><subfield code='b'>MEDIA</subfield><subfield code='c'>media</subfield><subfield code='h'>BM535</subfield><subfield code='i'>.J468x 2000</subfield><subfield code='8'>22267339070003811</subfield></datafield><datafield ind1=' ' ind2=' ' tag='ITM'><subfield code='r'>22267339070003811</subfield><subfield code='b'>1</subfield><subfield code='h'>0</subfield><subfield code='g'>media</subfield><subfield code='t'>DVD</subfield><subfield code='9'>39074022205090</subfield><subfield code='e'>media</subfield><subfield code='8'>23267339060003811</subfield><subfield code='c'>disc</subfield><subfield code='a'>5</subfield><subfield code='q'>2017-06-20 07:29:19</subfield><subfield code='i'>BM535 .J468x 2000</subfield><subfield code='d'>MEDIA</subfield><subfield code='f'>MEDIA</subfield></datafield><datafield ind1=' ' ind2=' ' tag='ITM'><subfield code='r'>22267339070003811</subfield><subfield code='b'>1</subfield><subfield code='h'>0</subfield><subfield code='g'>media</subfield><subfield code='t'>DVD</subfield><subfield code='9'>39074022205108</subfield><subfield code='e'>media</subfield><subfield code='8'>23267339050003811</subfield><subfield code='c'>guide</subfield><subfield code='a'>0</subfield><subfield code='q'>2017-06-20 07:29:19</subfield><subfield code='i'>BM535 .J468x 2000</subfield><subfield code='d'>MEDIA</subfield><subfield code='f'>MEDIA</subfield></datafield></record>