
  <record xmlns='http://www.loc.gov/MARC21/slim'><leader>02504nam a22003493u 4500</leader><controlfield tag='001'>991036816891003811</controlfield><controlfield tag='005'>20170816120609.0</controlfield><controlfield tag='006'>m        d        </controlfield><controlfield tag='007'>cr -n---------</controlfield><controlfield tag='008'>130418s2010|||||||     s|||||||||||fre|d</controlfield><datafield ind1=' ' ind2=' ' tag='020'><subfield code='a'>0-7734-1679-X</subfield></datafield><datafield ind1=' ' ind2=' ' tag='035'><subfield code='a'>(CKB)2670000000269102</subfield></datafield><datafield ind1=' ' ind2=' ' tag='035'><subfield code='a'>(EBL)1044192</subfield></datafield><datafield ind1=' ' ind2=' ' tag='035'><subfield code='a'>(OCoLC)818818339</subfield></datafield><datafield ind1=' ' ind2=' ' tag='035'><subfield code='a'>(EXLCZ)992670000000269102</subfield></datafield><datafield ind1=' ' ind2=' ' tag='040'><subfield code='a'>AU-PeEL</subfield><subfield code='b'>eng</subfield><subfield code='c'>AU-PeEL</subfield><subfield code='d'>AU-PeEL</subfield></datafield><datafield ind1=' ' ind2='4' tag='050'><subfield code='a'>PR2900 .M8513 2011</subfield></datafield><datafield ind1='0' ind2='0' tag='082'><subfield code='a'>822.3/3</subfield><subfield code='a'>822.33</subfield></datafield><datafield ind1='1' ind2=' ' tag='100'><subfield code='a'>Muller, Ghislain.</subfield></datafield><datafield ind1='1' ind2='0' tag='245'><subfield code='a'>Shakespeare--Était-il Juif?</subfield><subfield code='h'>[electronic resource] :</subfield><subfield code='b'>Une Nouvelle Approche de sa Vie et de son Oeuvre</subfield></datafield><datafield ind1=' ' ind2=' ' tag='246'><subfield code='a'>Shakespeare était-il juif?</subfield></datafield><datafield ind1=' ' ind2=' ' tag='246'><subfield code='a'>Shakespeare--Était-il Juif? </subfield></datafield><datafield ind1=' ' ind2=' ' tag='260'><subfield code='a'>Lewiston :</subfield><subfield code='b'>The Edwin Mellen Press,</subfield><subfield code='c'>2010.</subfield></datafield><datafield ind1=' ' ind2=' ' tag='300'><subfield code='a'>1 online resource (381 p.)</subfield></datafield><datafield ind1=' ' ind2=' ' tag='500'><subfield code='a'>Description based upon print version of record.</subfield></datafield><datafield ind1='0' ind2=' ' tag='505'><subfield code='a'>SHAKESPEARE ETAIT-IL JUIF?: Une Nouvelle Approche de sa Vie et de son Oeuvre; Copyright Page; Dedication; Table Des Matieres; Preambule; Avertissement; Introduction; Chapitre 1: Les Mysteres de Shakespeare; Chapitre 2: La Situation du Judaisme au 16e Siecle; Chapitre 3: La Famille Shakespeare; Chapitre 4: L&apos;education de William Shakespeare; Chapitre 5: Les Metiers de William Shakespeare; Chapitre 6: William Shakespeare et la Reconnaissance du Monde Litteraire; Chapitre 7: La Personnalite Publique de William Shakespeare; Chapitre 8: Le Nom de Shakespeare; Chapitre 9: New Place</subfield></datafield><datafield ind1='8' ind2=' ' tag='505'><subfield code='a'>Chapitre 10: La Physionomie de ShakespeareChapitre 11: Les Relations de Shakespeare; Chapitre 12: La Posterite de Shakespeare; Conclusion; Historique; Bibliographie; Index</subfield></datafield><datafield ind1=' ' ind2=' ' tag='520'><subfield code='a'>This biography of Shakespeare presents a new perspective on the debate surrounding the real identity of William Shakespeare. Muller suggests that Shakespeare was a crypto-Jew who took care to hide his Jewish origins and that Elizabethan authorities, who were aware of this fact, attempted to eliminate any trace of his Jewish origins by making him an Anglo-Saxon hero. Using official documents that have not been employed by other scholars, Muller brings forth evidence that Shakespeare&apos;s father was a Jew living in an England where Jews had been banned since the time of Edward I and the Act of Expu</subfield></datafield><datafield ind1=' ' ind2='4' tag='650'><subfield code='a'>Shakespeare, William, 1564-1616 -- Authorship.</subfield></datafield><datafield ind1=' ' ind2='4' tag='650'><subfield code='a'>Shakespeare, William, 1564-1616 -- Criticism and interpretation.</subfield></datafield><datafield ind1=' ' ind2='0' tag='655'><subfield code='a'>Electronic books.</subfield></datafield><datafield ind1=' ' ind2=' ' tag='776'><subfield code='z'>0-7734-3602-2</subfield></datafield><datafield ind1=' ' ind2=' ' tag='906'><subfield code='a'>BOOK</subfield></datafield><datafield ind1=' ' ind2=' ' tag='ADM'><subfield code='b'>2017-12-18 17:02:34</subfield><subfield code='e'>(CKB)2670000000269102</subfield><subfield code='d'>CKB</subfield><subfield code='a'>2012-11-25 07:33:06</subfield><subfield code='c'>false</subfield></datafield><datafield ind1=' ' ind2=' ' tag='PRT'><subfield code='a'>53404881880003811</subfield><subfield code='b'>https://sandbox01-na.alma.exlibrisgroup.com/view/uresolver/01TULI_INST/openurl?u.ignore_date_coverage=true&amp;rft.mms_id=991036816891003811</subfield><subfield code='e'>EBSCOhost</subfield><subfield code='9'>Available</subfield><subfield code='c'>eBook Public Library Collection - North America</subfield><subfield code='h'>613790000000001577</subfield><subfield code='8'>53404881880003811</subfield></datafield><datafield ind1=' ' ind2=' ' tag='PRT'><subfield code='a'>53394533960003811</subfield><subfield code='b'>https://sandbox01-na.alma.exlibrisgroup.com/view/uresolver/01TULI_INST/openurl?u.ignore_date_coverage=true&amp;rft.mms_id=991036816891003811</subfield><subfield code='e'>EBSCOhost</subfield><subfield code='9'>Available</subfield><subfield code='c'>EBSCOhost Academic eBook Collection (North America)</subfield><subfield code='h'>613640000000000029</subfield><subfield code='8'>53394533960003811</subfield></datafield></record>