
  <record xmlns='http://www.loc.gov/MARC21/slim'><leader>02563nam  2200493 a 4500</leader><controlfield tag='001'>991036815977703811</controlfield><controlfield tag='005'>20170810172852.0</controlfield><controlfield tag='006'>m     o  d |      </controlfield><controlfield tag='007'>cr cn|||||||||</controlfield><controlfield tag='008'>080729s2008    oncacfh ob    001 0deng  </controlfield><datafield ind1=' ' ind2=' ' tag='010'><subfield code='z'>  2008275475</subfield></datafield><datafield ind1=' ' ind2=' ' tag='016'><subfield code='z'>20079063187</subfield></datafield><datafield ind1=' ' ind2=' ' tag='020'><subfield code='a'>1-4426-8748-7</subfield></datafield><datafield ind1=' ' ind2=' ' tag='035'><subfield code='a'>(CKB)2550000000019203</subfield></datafield><datafield ind1=' ' ind2=' ' tag='035'><subfield code='a'>(OCoLC)608124772</subfield></datafield><datafield ind1=' ' ind2=' ' tag='035'><subfield code='a'>(CaPaEBR)ebrary10382049</subfield></datafield><datafield ind1=' ' ind2=' ' tag='035'><subfield code='a'>(SSID)ssj0000478075</subfield></datafield><datafield ind1=' ' ind2=' ' tag='035'><subfield code='a'>(PQKBManifestationID)11269753</subfield></datafield><datafield ind1=' ' ind2=' ' tag='035'><subfield code='a'>(PQKBTitleCode)TC0000478075</subfield></datafield><datafield ind1=' ' ind2=' ' tag='035'><subfield code='a'>(PQKBWorkID)10419240</subfield></datafield><datafield ind1=' ' ind2=' ' tag='035'><subfield code='a'>(PQKB)11705526</subfield></datafield><datafield ind1=' ' ind2=' ' tag='035'><subfield code='a'>(CaBNvSL)slc00224504</subfield></datafield><datafield ind1=' ' ind2=' ' tag='035'><subfield code='a'>(CaPaEBR)428473</subfield></datafield><datafield ind1=' ' ind2=' ' tag='035'><subfield code='a'>(MiAaPQ)EBC3268265</subfield></datafield><datafield ind1=' ' ind2=' ' tag='035'><subfield code='a'>(EXLCZ)992550000000019203</subfield></datafield><datafield ind1=' ' ind2=' ' tag='040'><subfield code='a'>MiAaPQ</subfield><subfield code='c'>MiAaPQ</subfield><subfield code='d'>MiAaPQ</subfield></datafield><datafield ind1=' ' ind2=' ' tag='041'><subfield code='a'>eng</subfield></datafield><datafield ind1=' ' ind2=' ' tag='043'><subfield code='a'>n-cn---</subfield></datafield><datafield ind1=' ' ind2='4' tag='050'><subfield code='a'>F1035.J5</subfield><subfield code='b'>T84 2008</subfield></datafield><datafield ind1='0' ind2='0' tag='055'><subfield code='a'>FC106 J5</subfield><subfield code='b'>T845 2008eb</subfield></datafield><datafield ind1=' ' ind2=' ' tag='082'><subfield code='a'>971.004/924</subfield></datafield><datafield ind1='1' ind2=' ' tag='100'><subfield code='a'>Tulchinsky, Gerald J. J.,</subfield><subfield code='d'>1933-</subfield></datafield><datafield ind1='1' ind2='0' tag='245'><subfield code='a'>Canada&apos;s Jews</subfield><subfield code='h'>[electronic resource] :</subfield><subfield code='b'>a people&apos;s journey /</subfield><subfield code='c'>Gerald Tulchinsky.</subfield></datafield><datafield ind1=' ' ind2=' ' tag='260'><subfield code='a'>Toronto [Ont.] ;</subfield><subfield code='a'>Buffalo [N.Y.] :</subfield><subfield code='b'>University of Toronto Press,</subfield><subfield code='c'>c2008</subfield><subfield code='e'>(Saint-Lazare, Quebec :</subfield><subfield code='f'>Gibson Library Connections,</subfield><subfield code='g'>2010).</subfield></datafield><datafield ind1=' ' ind2=' ' tag='260'><subfield code='a'>Toronto [Ont.] ;</subfield><subfield code='a'>Buffalo [N.Y.] :</subfield><subfield code='b'>University of Toronto Press,</subfield><subfield code='c'>c2008</subfield><subfield code='e'>(Saint-Lazare, Quebec :</subfield><subfield code='f'>Gibson Library Connections,</subfield><subfield code='g'>2010).</subfield></datafield><datafield ind1=' ' ind2=' ' tag='300'><subfield code='a'>1 online resource (663 p.) </subfield></datafield><datafield ind1=' ' ind2=' ' tag='336'><subfield code='a'>text</subfield><subfield code='b'>txt</subfield></datafield><datafield ind1=' ' ind2=' ' tag='337'><subfield code='a'>computer</subfield><subfield code='b'>c</subfield></datafield><datafield ind1=' ' ind2=' ' tag='338'><subfield code='a'>online resource</subfield><subfield code='b'>cr</subfield></datafield><datafield ind1=' ' ind2=' ' tag='500'><subfield code='a'>Bibliographic Level Mode of Issuance: Monograph</subfield></datafield><datafield ind1=' ' ind2=' ' tag='546'><subfield code='a'>English</subfield></datafield><datafield ind1=' ' ind2=' ' tag='504'><subfield code='a'>Includes bibliographical references (p. [599]-606) and index.</subfield></datafield><datafield ind1='0' ind2=' ' tag='505'><subfield code='a'>Foundations in the colonial era -- Pedlars and settlers on the urban frontiers -- Victorian Montreal and western settlement -- Travails of urbanization -- &apos;Corner of pain and anguish&apos; -- Zionism, protest, and reform -- Jewish geography of the 1920s and 1930s -- Clothing and politics -- The politics of marginality -- &apos;Not complex or sophisticated&apos; : interwar Zionism -- Into battle -- Post-war readjustments -- Jewish ethnicity in multicultural Canada, 1960-1980 -- Complexities and uncertainties.</subfield></datafield><datafield ind1=' ' ind2=' ' tag='506'><subfield code='a'>Access restricted to authorized users and institutions.</subfield></datafield><datafield ind1=' ' ind2=' ' tag='538'><subfield code='a'>Mode of access: World Wide Web.</subfield></datafield><datafield ind1=' ' ind2='0' tag='650'><subfield code='a'>Jews</subfield><subfield code='z'>Canada</subfield><subfield code='x'>History.</subfield></datafield><datafield ind1=' ' ind2='0' tag='650'><subfield code='a'>Antisemitism</subfield><subfield code='z'>Canada</subfield><subfield code='x'>History.</subfield></datafield><datafield ind1=' ' ind2='0' tag='651'><subfield code='a'>Canada</subfield><subfield code='x'>Emigration and immigration</subfield><subfield code='x'>History.</subfield></datafield><datafield ind1=' ' ind2='0' tag='651'><subfield code='a'>Canada</subfield><subfield code='x'>Ethnic relations.</subfield></datafield><datafield ind1=' ' ind2='4' tag='655'><subfield code='a'>Electronic books.</subfield></datafield><datafield ind1=' ' ind2=' ' tag='776'><subfield code='z'>0-8020-9386-8</subfield></datafield><datafield ind1=' ' ind2=' ' tag='776'><subfield code='z'>0-8020-9062-1</subfield></datafield><datafield ind1='1' ind2=' ' tag='700'><subfield code='a'>Tulchinsky, Gerald J. J.,</subfield><subfield code='d'>1933-</subfield><subfield code='t'>Taking root.</subfield></datafield><datafield ind1='1' ind2=' ' tag='700'><subfield code='a'>Tulchinsky, Gerald J. J.,</subfield><subfield code='d'>1933-</subfield><subfield code='t'>Branching out.</subfield></datafield><datafield ind1=' ' ind2='0' tag='830'><subfield code='a'>Canadian electronic library.</subfield><subfield code='p'>Canadian publishers collection.</subfield></datafield><datafield ind1=' ' ind2=' ' tag='906'><subfield code='a'>BOOK</subfield></datafield><datafield ind1=' ' ind2=' ' tag='ADM'><subfield code='b'>2017-11-29 12:32:25</subfield><subfield code='e'>2550000000019203</subfield><subfield code='d'>PQNKB</subfield><subfield code='f'>20160803134623.0</subfield><subfield code='a'>2012-02-25 23:57:54</subfield><subfield code='c'>false</subfield></datafield><datafield ind1=' ' ind2=' ' tag='PRT'><subfield code='a'>53394001240003811</subfield><subfield code='b'>https://sandbox01-na.alma.exlibrisgroup.com/view/uresolver/01TULI_INST/openurl?u.ignore_date_coverage=true&amp;rft.mms_id=991036815977703811</subfield><subfield code='e'>EBSCOhost</subfield><subfield code='9'>Available</subfield><subfield code='c'>EBSCOhost Academic eBook Collection (North America)</subfield><subfield code='h'>613640000000000029</subfield><subfield code='8'>53394001240003811</subfield></datafield></record>