
  <record xmlns='http://www.loc.gov/MARC21/slim'><leader>02606cam a2200457 a 4500</leader><controlfield tag='005'>20170826003435.0</controlfield><controlfield tag='008'>100805s2010    wau      b    001 0 eng  </controlfield><controlfield tag='001'>991007965229703811</controlfield><datafield ind1=' ' ind2=' ' tag='010'><subfield code='a'>2010033490</subfield></datafield><datafield ind1=' ' ind2=' ' tag='020'><subfield code='a'>9780295990545 (hardback : alk. paper)</subfield></datafield><datafield ind1=' ' ind2=' ' tag='020'><subfield code='a'>0295990546 (hardback : alk. paper)</subfield></datafield><datafield ind1=' ' ind2=' ' tag='020'><subfield code='a'>9780295990552 (pbk. : alk. paper)</subfield></datafield><datafield ind1=' ' ind2=' ' tag='020'><subfield code='a'>0295990554 (pbk. : alk. paper)</subfield></datafield><datafield ind1=' ' ind2=' ' tag='035'><subfield code='a'>(PPT)b45554468-01tuli_inst</subfield></datafield><datafield ind1=' ' ind2=' ' tag='035'><subfield code='a'>(OCoLC)ocn730423403</subfield><subfield code='9'>ExL</subfield></datafield><datafield ind1=' ' ind2=' ' tag='035'><subfield code='a'>(OCoLC)613433443</subfield><subfield code='z'>(OCoLC)613433446</subfield></datafield><datafield ind1=' ' ind2=' ' tag='035'><subfield code='a'>ocn613433443</subfield></datafield><datafield ind1=' ' ind2=' ' tag='035'><subfield code='a'>(OCLC)ocn613433443</subfield></datafield><datafield ind1=' ' ind2=' ' tag='040'><subfield code='a'>DLC</subfield><subfield code='c'>DLC</subfield><subfield code='d'>YDX</subfield><subfield code='d'>BTCTA</subfield><subfield code='d'>YDXCP</subfield><subfield code='d'>CDX</subfield></datafield><datafield ind1=' ' ind2=' ' tag='043'><subfield code='a'>n-us---</subfield><subfield code='a'>a-is---</subfield><subfield code='a'>e------</subfield></datafield><datafield ind1=' ' ind2=' ' tag='049'><subfield code='a'>IG$A</subfield></datafield><datafield ind1=' ' ind2=' ' tag='079'><subfield code='a'>ocn613433443</subfield></datafield><datafield ind1=' ' ind2=' ' tag='090'><subfield code='a'>DS143</subfield><subfield code='b'>.B76 2010</subfield></datafield><datafield ind1='0' ind2='0' tag='245'><subfield code='a'>Boundaries of Jewish identity /</subfield><subfield code='c'>edited by Susan A. Glenn and Naomi B. Sokoloff.</subfield></datafield><datafield ind1=' ' ind2=' ' tag='260'><subfield code='a'>Seattle :</subfield><subfield code='b'>University of Washington Press,</subfield><subfield code='c'>c2010.</subfield></datafield><datafield ind1=' ' ind2=' ' tag='300'><subfield code='a'>viii, 249 p. ;</subfield><subfield code='c'>23 cm.</subfield></datafield><datafield ind1=' ' ind2=' ' tag='500'><subfield code='a'>&quot;A Samuel and Althea Stroum Book.&quot;</subfield></datafield><datafield ind1=' ' ind2=' ' tag='504'><subfield code='a'>Includes bibliographical references and index.</subfield></datafield><datafield ind1='0' ind2=' ' tag='505'><subfield code='a'>Are genes Jewish? : conceptual ambiguities in the new genetic age / Susan Martha Kahn -- Who is a Jew? : categories, boundaries, communities, and citizenship law in Israel / Gad Barzilai -- Jewish character? : stereotype and identity in fiction from Israel by Aharon Appelfeld and Sayed Kashua / Naomi B. Sokoloff -- &quot;Funny, you don&apos;t look Jewish&quot; : visual stereotypes and the making of modern Jewish identity / Susan A. Glenn -- Blame, boundaries, and birthrights : Jewish intermarriage in midcentury America / Lila Corwin Berman -- Boundary maintenance and Jewish identity : comparative and historical perspectives / Calvin Goldscheider -- Good bad jews : converts, conversion, and boundary redrawing in modern Russian Jewry : notes toward a new category / Shulamit S. Magnus -- &quot;Jewish like an adjective&quot; : confronting Jewish identities in contemporary Poland / Erica Lehrer -- Conversos, Marranos, and crypto-Latinos : the Jewish question in the American Southwest (and what it can tell us about race and ethnicity) / Jonathan Freedman -- The contested logics of Jewish identity / Laada Bilaniuk.</subfield></datafield><datafield ind1=' ' ind2='0' tag='650'><subfield code='a'>Jews</subfield><subfield code='x'>Identity.</subfield></datafield><datafield ind1=' ' ind2='0' tag='650'><subfield code='a'>Jews</subfield><subfield code='z'>United States</subfield><subfield code='x'>Identity.</subfield></datafield><datafield ind1=' ' ind2='0' tag='650'><subfield code='a'>Jews</subfield><subfield code='z'>Israel</subfield><subfield code='x'>Identity.</subfield></datafield><datafield ind1=' ' ind2='0' tag='650'><subfield code='a'>Jews</subfield><subfield code='z'>Europe</subfield><subfield code='x'>Identity.</subfield></datafield><datafield ind1='1' ind2=' ' tag='700'><subfield code='a'>Glenn, Susan A.</subfield><subfield code='q'>(Susan Anita)</subfield></datafield><datafield ind1='1' ind2=' ' tag='700'><subfield code='a'>Sokoloff, Naomi B.</subfield></datafield><datafield ind1=' ' ind2=' ' tag='902'><subfield code='a'>150529</subfield></datafield><datafield ind1=' ' ind2=' ' tag='907'><subfield code='a'>.b45554468</subfield><subfield code='b'>p    </subfield><subfield code='c'>-</subfield></datafield><datafield ind1=' ' ind2=' ' tag='945'><subfield code='l'>pstk </subfield><subfield code='g'>1</subfield></datafield><datafield ind1=' ' ind2=' ' tag='979'><subfield code='a'>ocn613433443</subfield></datafield><datafield ind1=' ' ind2=' ' tag='998'><subfield code='b'>1</subfield><subfield code='c'>110518</subfield><subfield code='d'>m</subfield><subfield code='e'>a</subfield><subfield code='f'>-</subfield><subfield code='g'>0</subfield></datafield><datafield ind1=' ' ind2=' ' tag='998'><subfield code='b'>1</subfield><subfield code='c'>110518</subfield><subfield code='d'>m</subfield><subfield code='e'>a</subfield><subfield code='f'>-</subfield><subfield code='g'>0</subfield></datafield><datafield ind1=' ' ind2=' ' tag='ADM'><subfield code='b'>2018-03-09 08:31:45</subfield><subfield code='e'>b45554468-01tuli_inst</subfield><subfield code='d'>ILS</subfield><subfield code='a'>2017-06-20 06:33:47</subfield><subfield code='c'>false</subfield></datafield><datafield ind1='0' ind2=' ' tag='HLD'><subfield code='b'>MAIN</subfield><subfield code='c'>stacks</subfield><subfield code='h'>DS143</subfield><subfield code='i'>.B76 2010</subfield><subfield code='8'>22250154610003811</subfield></datafield><datafield ind1=' ' ind2=' ' tag='ITM'><subfield code='r'>22250154610003811</subfield><subfield code='b'>1</subfield><subfield code='h'>0</subfield><subfield code='g'>stacks</subfield><subfield code='t'>BOOK</subfield><subfield code='9'>39074025994096</subfield><subfield code='e'>stacks</subfield><subfield code='8'>23250154600003811</subfield><subfield code='a'>0</subfield><subfield code='q'>2017-06-20 06:33:47</subfield><subfield code='i'>DS143 .B76 2010</subfield><subfield code='d'>MAIN</subfield><subfield code='f'>MAIN</subfield></datafield></record>