
  <record xmlns='http://www.loc.gov/MARC21/slim'><leader>02767cam a2200577Ia 4500</leader><controlfield tag='005'>20180123165139.0</controlfield><controlfield tag='006'>m     o  d        </controlfield><controlfield tag='007'>cr cn|||||||||</controlfield><controlfield tag='008'>081017s2006    gw a    ob    101 0 eng d</controlfield><controlfield tag='001'>991020197309703811</controlfield><datafield ind1=' ' ind2=' ' tag='020'><subfield code='a'>9783540374336</subfield></datafield><datafield ind1=' ' ind2=' ' tag='020'><subfield code='a'>3540374337</subfield></datafield><datafield ind1=' ' ind2=' ' tag='020'><subfield code='a'>3540374329</subfield></datafield><datafield ind1=' ' ind2=' ' tag='020'><subfield code='a'>9783540374329</subfield></datafield><datafield ind1='8' ind2=' ' tag='024'><subfield code='a'>9786611388140</subfield></datafield><datafield ind1=' ' ind2=' ' tag='035'><subfield code='a'>(PPT)b49623382-01tuli_inst</subfield></datafield><datafield ind1=' ' ind2=' ' tag='035'><subfield code='a'>(OCoLC)262693850</subfield><subfield code='z'>(OCoLC)71843415</subfield><subfield code='z'>(OCoLC)317881706</subfield><subfield code='z'>(OCoLC)466344187</subfield><subfield code='z'>(OCoLC)785778654</subfield></datafield><datafield ind1=' ' ind2=' ' tag='037'><subfield code='a'>978-3-540-37432-9</subfield><subfield code='b'>Springer</subfield><subfield code='n'>http://www.springerlink.com</subfield></datafield><datafield ind1=' ' ind2=' ' tag='040'><subfield code='a'>GW5XE</subfield><subfield code='b'>eng</subfield><subfield code='c'>GW5XE</subfield><subfield code='d'>GW5XE</subfield><subfield code='d'>CEF</subfield><subfield code='d'>GZM</subfield><subfield code='d'>BAKER</subfield><subfield code='d'>DAY</subfield><subfield code='d'>NUI</subfield><subfield code='d'>OCLCQ</subfield><subfield code='d'>E7B</subfield><subfield code='d'>OCLCQ</subfield><subfield code='d'>A7U</subfield><subfield code='d'>OCLCQ</subfield><subfield code='d'>OCLCF</subfield><subfield code='d'>BEDGE</subfield><subfield code='d'>ITD</subfield><subfield code='d'>OCLCO</subfield><subfield code='d'>COO</subfield></datafield><datafield ind1=' ' ind2=' ' tag='049'><subfield code='a'>TEUU</subfield></datafield><datafield ind1=' ' ind2='7' tag='072'><subfield code='a'>QA</subfield><subfield code='2'>lcco</subfield></datafield><datafield ind1=' ' ind2=' ' tag='090'><subfield code='a'>QA76.9.A25</subfield><subfield code='b'>C79 2006</subfield></datafield><datafield ind1='2' ind2=' ' tag='111'><subfield code='a'>CRYPTO (Conference)</subfield><subfield code='n'>(26th :</subfield><subfield code='d'>2006 :</subfield><subfield code='c'>Santa Barbara, Calif.)</subfield></datafield><datafield ind1='1' ind2='0' tag='245'><subfield code='a'>Advances in cryptology - CRYPTO 2006</subfield><subfield code='h'>[electronic resource] :</subfield><subfield code='b'>26th Annual International Cryptology Conference, Santa Barbara, California, USA, August 20-24, 2006 : proceedings /</subfield><subfield code='c'>Cynthia Dwork (ed.).</subfield></datafield><datafield ind1='3' ind2='0' tag='246'><subfield code='a'>CRYPTO 2006</subfield></datafield><datafield ind1='3' ind2=' ' tag='246'><subfield code='a'>Twenty-sixth Annual International Cryptology Conference</subfield></datafield><datafield ind1='3' ind2='0' tag='246'><subfield code='a'>International Cryptology Conference</subfield></datafield><datafield ind1=' ' ind2=' ' tag='260'><subfield code='a'>Berlin ;</subfield><subfield code='a'>New York :</subfield><subfield code='b'>Springer,</subfield><subfield code='c'>c2006.</subfield></datafield><datafield ind1=' ' ind2=' ' tag='300'><subfield code='a'>1 online resource (xiii, 619 p.) :</subfield><subfield code='b'>ill.</subfield></datafield><datafield ind1='1' ind2=' ' tag='490'><subfield code='a'>Lecture notes in computer science ;</subfield><subfield code='v'>4117</subfield></datafield><datafield ind1=' ' ind2=' ' tag='500'><subfield code='a'>&quot;International Association for Cryptologic Research&quot;--Cover.</subfield></datafield><datafield ind1=' ' ind2=' ' tag='504'><subfield code='a'>Includes bibliographical references and index.</subfield></datafield><datafield ind1=' ' ind2=' ' tag='588'><subfield code='a'>Description based on print version record.</subfield></datafield><datafield ind1=' ' ind2=' ' tag='590'><subfield code='a'>Access is available to the Temple Community through use of a networked computer with a Temple IP address.</subfield></datafield><datafield ind1=' ' ind2='0' tag='650'><subfield code='a'>Computers</subfield><subfield code='x'>Access control</subfield><subfield code='v'>Congresses.</subfield></datafield><datafield ind1=' ' ind2='0' tag='650'><subfield code='a'>Cryptography</subfield><subfield code='v'>Congresses.</subfield></datafield><datafield ind1=' ' ind2='7' tag='650'><subfield code='a'>Computers</subfield><subfield code='x'>Access control.</subfield><subfield code='2'>fast</subfield><subfield code='0'>(OCoLC)fst00872779</subfield></datafield><datafield ind1=' ' ind2='7' tag='650'><subfield code='a'>Cryptography.</subfield><subfield code='2'>fast</subfield><subfield code='0'>(OCoLC)fst00884552</subfield></datafield><datafield ind1=' ' ind2='7' tag='655'><subfield code='a'>Conference proceedings.</subfield><subfield code='2'>fast</subfield><subfield code='0'>(OCoLC)fst01423772</subfield></datafield><datafield ind1=' ' ind2='7' tag='655'><subfield code='a'>Electronic books.</subfield><subfield code='2'>local</subfield></datafield><datafield ind1='1' ind2=' ' tag='700'><subfield code='a'>Dwork, Cynthia,</subfield><subfield code='d'>1958-</subfield></datafield><datafield ind1='2' ind2=' ' tag='710'><subfield code='a'>International Association for Cryptologic Research.</subfield></datafield><datafield ind1='2' ind2=' ' tag='710'><subfield code='a'>SpringerLink (Online service)</subfield></datafield><datafield ind1='0' ind2='8' tag='776'><subfield code='i'>Print version:</subfield><subfield code='a'>CRYPTO (Conference) (26th : 2006 : Santa Barbara, Calif.).</subfield><subfield code='t'>Advances in cryptology - CRYPTO 2006.</subfield><subfield code='d'>Berlin ; New York : Springer, c2006</subfield><subfield code='z'>3540374329</subfield><subfield code='z'>9783540374329</subfield><subfield code='w'>(DLC)  2006930607</subfield><subfield code='w'>(OCoLC)71008348</subfield></datafield><datafield ind1=' ' ind2='0' tag='830'><subfield code='a'>Lecture notes in computer science ;</subfield><subfield code='v'>4117.</subfield></datafield><datafield ind1='4' ind2='0' tag='856'><subfield code='z'>Access full text online.</subfield><subfield code='u'>http://libproxy.temple.edu/login?url=http://link.springer.com/10.1007/11818175</subfield></datafield><datafield ind1=' ' ind2=' ' tag='902'><subfield code='a'>170601</subfield></datafield><datafield ind1=' ' ind2=' ' tag='902'><subfield code='a'>SpringerLink 2015-09-30</subfield></datafield><datafield ind1=' ' ind2=' ' tag='907'><subfield code='a'>.b49623382</subfield><subfield code='b'>w    </subfield><subfield code='c'>-</subfield></datafield><datafield ind1=' ' ind2=' ' tag='945'><subfield code='l'>w    </subfield><subfield code='g'>1</subfield></datafield><datafield ind1=' ' ind2=' ' tag='998'><subfield code='b'>0</subfield><subfield code='c'>110925</subfield><subfield code='d'>m</subfield><subfield code='e'>@</subfield><subfield code='f'>-</subfield><subfield code='g'>0</subfield></datafield><datafield ind1=' ' ind2=' ' tag='ADM'><subfield code='b'>2018-01-23 21:51:39</subfield><subfield code='e'>b49623382-01tuli_inst</subfield><subfield code='d'>ILS</subfield><subfield code='a'>2017-06-20 11:10:18</subfield><subfield code='c'>false</subfield></datafield><datafield ind1=' ' ind2=' ' tag='PRT'><subfield code='a'>53376543810003811</subfield><subfield code='b'>https://sandbox01-na.alma.exlibrisgroup.com/view/uresolver/01TULI_INST/openurl?u.ignore_date_coverage=true&amp;rft.mms_id=991020197309703811</subfield><subfield code='f'>Access full text online.</subfield><subfield code='9'>Available</subfield><subfield code='d'>MAIN</subfield><subfield code='c'>SpringerLink Ebooks</subfield><subfield code='8'>53376543810003811</subfield></datafield></record>