
  <record xmlns='http://www.loc.gov/MARC21/slim'><leader>02767nam a22005535i 4500</leader><controlfield tag='001'>991036800002703811</controlfield><controlfield tag='005'>20180327115431.0</controlfield><controlfield tag='006'>m     o  d |      </controlfield><controlfield tag='007'>cr nn 008mamaa</controlfield><controlfield tag='008'>110805s2011    gw |    o    |||| 0|eng d</controlfield><datafield ind1=' ' ind2=' ' tag='010'><subfield code='z'>  2011932695</subfield></datafield><datafield ind1=' ' ind2=' ' tag='020'><subfield code='a'>3-642-22792-9</subfield></datafield><datafield ind1='7' ind2=' ' tag='024'><subfield code='a'>10.1007/978-3-642-22792-9</subfield><subfield code='2'>doi</subfield></datafield><datafield ind1=' ' ind2=' ' tag='035'><subfield code='a'>(CKB)2550000000052181</subfield></datafield><datafield ind1=' ' ind2=' ' tag='035'><subfield code='a'>(SSID)ssj0000609076</subfield></datafield><datafield ind1=' ' ind2=' ' tag='035'><subfield code='a'>(PQKBManifestationID)11433908</subfield></datafield><datafield ind1=' ' ind2=' ' tag='035'><subfield code='a'>(PQKBTitleCode)TC0000609076</subfield></datafield><datafield ind1=' ' ind2=' ' tag='035'><subfield code='a'>(PQKBWorkID)10608886</subfield></datafield><datafield ind1=' ' ind2=' ' tag='035'><subfield code='a'>(PQKB)10004168</subfield></datafield><datafield ind1=' ' ind2=' ' tag='035'><subfield code='a'>(DE-He213)978-3-642-22792-9</subfield></datafield><datafield ind1=' ' ind2=' ' tag='035'><subfield code='a'>(MiAaPQ)EBC3067114</subfield></datafield><datafield ind1=' ' ind2=' ' tag='035'><subfield code='a'>(EXLCZ)992550000000052181</subfield></datafield><datafield ind1=' ' ind2=' ' tag='040'><subfield code='a'>MiAaPQ</subfield><subfield code='c'>MiAaPQ</subfield><subfield code='d'>MiAaPQ</subfield></datafield><datafield ind1=' ' ind2=' ' tag='041'><subfield code='a'>eng</subfield></datafield><datafield ind1=' ' ind2='4' tag='050'><subfield code='a'>QA76.9.A25</subfield></datafield><datafield ind1=' ' ind2='7' tag='072'><subfield code='a'>URY</subfield><subfield code='2'>bicssc</subfield></datafield><datafield ind1=' ' ind2='7' tag='072'><subfield code='a'>COM053000</subfield><subfield code='2'>bisacsh</subfield></datafield><datafield ind1='0' ind2='4' tag='082'><subfield code='a'>005.82</subfield><subfield code='2'>23</subfield></datafield><datafield ind1='1' ind2=' ' tag='100'><subfield code='a'>Rogaway, Phillip</subfield></datafield><datafield ind1='2' ind2=' ' tag='111'><subfield code='a'>CRYPTO (Conference)</subfield><subfield code='n'>(31st :</subfield><subfield code='d'>2011 :</subfield><subfield code='c'>Santa Barbara, Calif.)</subfield></datafield><datafield ind1='1' ind2='0' tag='245'><subfield code='a'>Advances in Cryptology – CRYPTO 2011</subfield><subfield code='h'>[electronic resource] :</subfield><subfield code='b'>31st Annual Cryptology Conference, Santa Barbara, CA, USA, August 14-18, 2011. Proceedings /</subfield><subfield code='c'>edited by Phillip Rogaway.</subfield></datafield><datafield ind1=' ' ind2='1' tag='264'><subfield code='a'>Berlin, Heidelberg :</subfield><subfield code='b'>Springer Berlin Heidelberg,</subfield><subfield code='c'>2011.</subfield></datafield><datafield ind1=' ' ind2=' ' tag='300'><subfield code='a'>1 online resource (XV, 782 p. 84 illus., 4 illus. in color.) </subfield></datafield><datafield ind1=' ' ind2=' ' tag='336'><subfield code='a'>text</subfield><subfield code='b'>txt</subfield></datafield><datafield ind1=' ' ind2=' ' tag='337'><subfield code='a'>computer</subfield><subfield code='b'>c</subfield></datafield><datafield ind1=' ' ind2=' ' tag='338'><subfield code='a'>online resource</subfield><subfield code='b'>cr</subfield></datafield><datafield ind1=' ' ind2=' ' tag='347'><subfield code='a'>text file</subfield><subfield code='b'>PDF</subfield><subfield code='2'>rda</subfield></datafield><datafield ind1='1' ind2=' ' tag='490'><subfield code='a'>Lecture Notes in Computer Science,</subfield><subfield code='x'>0302-9743 ;</subfield><subfield code='v'>6841</subfield></datafield><datafield ind1=' ' ind2=' ' tag='500'><subfield code='a'>Bibliographic Level Mode of Issuance: Monograph</subfield></datafield><datafield ind1=' ' ind2=' ' tag='546'><subfield code='a'>English</subfield></datafield><datafield ind1=' ' ind2=' ' tag='504'><subfield code='a'>Includes bibliographical references and index.</subfield></datafield><datafield ind1=' ' ind2=' ' tag='520'><subfield code='a'>This book constitutes the refereed proceedings of the 31st Annual International Cryptology Conference, CRYPTO 2011, held in Santa Barbara, CA, USA in August 2011. The 42 revised full papers presented were carefully reviewed and selected from 230 submissions. The volume also contains the abstract of one invited talk. The papers are organized in topical sections on randomness and its use; computer-assisted cryptographic proofs; outsourcing and delegatin computation; symmetric cryptanalysis and constructions; secure computation: leakage and side channels; quantum cryptography; lattices and knapsacks; public-key encryption; symmetric schemes; signatures; obilvious transfer and secret sharing; and multivariate and coding-based schemes.</subfield></datafield><datafield ind1=' ' ind2='0' tag='650'><subfield code='a'>Computers</subfield><subfield code='x'>Access control</subfield><subfield code='v'>Congresses.</subfield></datafield><datafield ind1=' ' ind2='0' tag='650'><subfield code='a'>Cryptography</subfield><subfield code='v'>Congresses.</subfield></datafield><datafield ind1=' ' ind2='4' tag='655'><subfield code='a'>Electronic books.</subfield></datafield><datafield ind1='0' ind2=' ' tag='760'><subfield code='t'>Lecture notes in computer science</subfield><subfield code='w'>(CKB)954928560451</subfield><subfield code='w'>(DLC)92020465</subfield><subfield code='w'>(OCoLC)</subfield><subfield code='x'>1611-3349</subfield></datafield><datafield ind1=' ' ind2=' ' tag='776'><subfield code='z'>3-642-22791-0</subfield></datafield><datafield ind1='1' ind2=' ' tag='700'><subfield code='a'>Rogaway, Phillip.</subfield><subfield code='e'>editor.</subfield></datafield><datafield ind1=' ' ind2='0' tag='830'><subfield code='a'>Lecture Notes in Computer Science,</subfield><subfield code='x'>0302-9743 ;</subfield><subfield code='v'>6841</subfield></datafield><datafield ind1=' ' ind2=' ' tag='906'><subfield code='a'>PROCEEDING</subfield></datafield><datafield ind1=' ' ind2=' ' tag='ADM'><subfield code='b'>2018-03-28 12:03:16</subfield><subfield code='e'>992550000000052181</subfield><subfield code='d'>NON_SFX</subfield><subfield code='f'>20151204143318.0</subfield><subfield code='a'>2012-02-26 01:01:26</subfield><subfield code='c'>false</subfield></datafield><datafield ind1=' ' ind2=' ' tag='PRT'><subfield code='a'>53366485050003811</subfield><subfield code='b'>https://sandbox01-na.alma.exlibrisgroup.com/view/uresolver/01TULI_INST/openurl?u.ignore_date_coverage=true&amp;rft.mms_id=991036800002703811</subfield><subfield code='e'>Springer Link</subfield><subfield code='9'>Available</subfield><subfield code='c'>SpringerLink Books Complete</subfield><subfield code='h'>611000000000001381</subfield><subfield code='8'>53366485050003811</subfield></datafield></record>