
  <record xmlns='http://www.loc.gov/MARC21/slim'><leader>02772ngm a2200517Ia 4500</leader><controlfield tag='005'>20121202151047.0</controlfield><controlfield tag='006'>m|||||o||c||||||||</controlfield><controlfield tag='007'>vz|czazuu</controlfield><controlfield tag='007'>cr|cnannnuuuuu</controlfield><controlfield tag='008'>121202s1993||||nyu030||||||||o|||vleng|d</controlfield><controlfield tag='001'>991032155119703811</controlfield><datafield ind1='4' ind2='0' tag='028'><subfield code='a'>4097s</subfield><subfield code='b'>Films Media Group</subfield></datafield><datafield ind1='4' ind2='0' tag='028'><subfield code='a'>4099</subfield><subfield code='b'>Films Media Group</subfield></datafield><datafield ind1=' ' ind2=' ' tag='035'><subfield code='a'>(PPT)b53663299-01tuli_inst</subfield></datafield><datafield ind1=' ' ind2=' ' tag='035'><subfield code='a'>(FOD)100004099</subfield><subfield code='9'>ExL</subfield></datafield><datafield ind1=' ' ind2=' ' tag='035'><subfield code='a'>100004099</subfield></datafield><datafield ind1=' ' ind2=' ' tag='035'><subfield code='a'>(OCoLC)819784226</subfield></datafield><datafield ind1=' ' ind2=' ' tag='040'><subfield code='a'>AzPhAEM</subfield></datafield><datafield ind1='0' ind2='0' tag='245'><subfield code='a'>Dutch Jews</subfield><subfield code='h'>[electronic resource (video)] /</subfield><subfield code='c'>S4C (Firm).</subfield></datafield><datafield ind1='3' ind2=' ' tag='260'><subfield code='a'>New York, N.Y. :</subfield><subfield code='b'>Films Media Group,</subfield><subfield code='c'>[2012], c1993</subfield></datafield><datafield ind1=' ' ind2=' ' tag='300'><subfield code='a'>1 streaming video file (30 min.) :</subfield><subfield code='b'>sd., col, digital file.</subfield></datafield><datafield ind1='1' ind2=' ' tag='490'><subfield code='a'>Credo: An Introduction to the Major Religious Traditions of Europe</subfield></datafield><datafield ind1=' ' ind2=' ' tag='500'><subfield code='a'>Encoded with permission for digital streaming by Films Media Group on May 24, 2012.</subfield></datafield><datafield ind1=' ' ind2=' ' tag='500'><subfield code='a'>Films on Demand is distributed by Films Media Group for Films for the Humanities &amp; Sciences, Cambridge Educational, Meridian Education, and Shopware.</subfield></datafield><datafield ind1='0' ind2=' ' tag='505'><subfield code='a'>Ensuring the Past Does Not Repeat (2:44) -- A Young Man&apos;s First Religious Rite (1:55) -- A Bar Mitzvah (3:26) -- Preparing for Shavuot (3:25) -- Keeping Jewish Tradition (2:14) -- Remembering Humanity During Atrocity (2:23) -- Community Under Pressure (2:36) -- God&apos;s Chosen People (2:23) -- Future of Dutch Judaism (3:08) -- Credits: Dutch Jews (1:03)</subfield></datafield><datafield ind1=' ' ind2=' ' tag='506'><subfield code='a'>Access requires authentication through Films on Demand.</subfield></datafield><datafield ind1=' ' ind2=' ' tag='520'><subfield code='a'>This program focuses on the Dutch Liberal Jewish Community, led by Rabbi Awraham Soetendorp, whose father helped to rebuild Judaism in Holland after the Holocaust. Through interviews with Jewish families, the program records the dilemmas faced by young and old as they try to come to terms with the Holocaust today. How could God allow such a thing to happen, and can Jews trust their Gentile neighbors?</subfield></datafield><datafield ind1='2' ind2=' ' tag='521'><subfield code='a'>10 &amp; up.</subfield></datafield><datafield ind1=' ' ind2=' ' tag='538'><subfield code='a'>Mode of access: Internet.</subfield></datafield><datafield ind1=' ' ind2=' ' tag='538'><subfield code='a'>System requirements: FOD playback platform.</subfield></datafield><datafield ind1=' ' ind2=' ' tag='588'><subfield code='a'>Title from distributor&apos;s description.</subfield></datafield><datafield ind1=' ' ind2=' ' tag='590'><subfield code='a'>Access is available to the Temple Community through use of a networked computer with a Temple IP address.</subfield></datafield><datafield ind1=' ' ind2='0' tag='650'><subfield code='a'>Jews.</subfield></datafield><datafield ind1=' ' ind2='0' tag='650'><subfield code='a'>Judaism.</subfield></datafield><datafield ind1=' ' ind2='7' tag='655'><subfield code='a'>Educational films.</subfield><subfield code='2'>lcgft</subfield></datafield><datafield ind1=' ' ind2='0' tag='655'><subfield code='a'>Internet videos.</subfield></datafield><datafield ind1=' ' ind2='7' tag='655'><subfield code='a'>Videorecording.</subfield><subfield code='2'>local</subfield></datafield><datafield ind1=' ' ind2='0' tag='655'><subfield code='a'>Streaming video.</subfield></datafield><datafield ind1='2' ind2=' ' tag='710'><subfield code='a'>Films for the Humanities &amp; Sciences (Firm)</subfield></datafield><datafield ind1='2' ind2=' ' tag='710'><subfield code='a'>Films Media Group.</subfield></datafield><datafield ind1=' ' ind2='0' tag='830'><subfield code='a'>Credo (New York, N.Y.)</subfield></datafield><datafield ind1='4' ind2=' ' tag='856'><subfield code='z'>Access Films on Demand streaming video.</subfield><subfield code='u'>http://libproxy.temple.edu/login?url=http://digital.films.com/PortalPlaylists.aspx?aid=1627&amp;xtid=4099</subfield></datafield><datafield ind1=' ' ind2=' ' tag='907'><subfield code='a'>.b53663299</subfield><subfield code='b'>w    </subfield><subfield code='c'>-</subfield></datafield><datafield ind1=' ' ind2=' ' tag='902'><subfield code='a'>130930</subfield></datafield><datafield ind1=' ' ind2=' ' tag='998'><subfield code='b'>1</subfield><subfield code='c'>130202</subfield><subfield code='d'>m</subfield><subfield code='e'>2</subfield><subfield code='f'>-</subfield><subfield code='g'>0</subfield></datafield><datafield ind1=' ' ind2=' ' tag='902'><subfield code='a'>Films on Demand 2013-02-01</subfield></datafield><datafield ind1=' ' ind2=' ' tag='945'><subfield code='l'>w    </subfield><subfield code='g'>1</subfield></datafield><datafield ind1=' ' ind2=' ' tag='PRT'><subfield code='a'>53380419250003811</subfield><subfield code='b'>https://sandbox01-na.alma.exlibrisgroup.com/view/uresolver/01TULI_INST/openurl?u.ignore_date_coverage=true&amp;rft.mms_id=991032155119703811</subfield><subfield code='f'>Access Films on Demand streaming video.</subfield><subfield code='d'>MAIN</subfield><subfield code='c'>Films on Demand Streaming Video</subfield><subfield code='8'>53380419250003811</subfield></datafield></record>