
  <record xmlns='http://www.loc.gov/MARC21/slim'><leader>02776pam a22004934a 4500</leader><controlfield tag='005'>20170825185109.0</controlfield><controlfield tag='008'>070215s2007    ncuabj   b    001 0 eng  </controlfield><controlfield tag='001'>991024680339703811</controlfield><datafield ind1=' ' ind2=' ' tag='010'><subfield code='a'>2007006397</subfield></datafield><datafield ind1=' ' ind2=' ' tag='020'><subfield code='a'>9780786428007 (illustrated case binding : alk. paper)</subfield></datafield><datafield ind1=' ' ind2=' ' tag='020'><subfield code='a'>0786428007 (illustrated case binding : alk. paper)</subfield></datafield><datafield ind1=' ' ind2=' ' tag='035'><subfield code='a'>(PPT)b32821438-01tuli_inst</subfield></datafield><datafield ind1=' ' ind2=' ' tag='035'><subfield code='a'>(OCoLC)ocn492155076</subfield><subfield code='9'>ExL</subfield></datafield><datafield ind1=' ' ind2=' ' tag='035'><subfield code='a'>(OCoLC)84838483</subfield></datafield><datafield ind1=' ' ind2=' ' tag='035'><subfield code='a'>DLCOCM84838483</subfield></datafield><datafield ind1=' ' ind2=' ' tag='035'><subfield code='a'>ocm84838483</subfield></datafield><datafield ind1=' ' ind2=' ' tag='035'><subfield code='a'>(OCLC)ocm84838483</subfield></datafield><datafield ind1=' ' ind2=' ' tag='040'><subfield code='a'>DLC</subfield><subfield code='c'>DLC</subfield><subfield code='d'>BAKER</subfield><subfield code='d'>BTCTA</subfield><subfield code='d'>C#P</subfield></datafield><datafield ind1=' ' ind2=' ' tag='043'><subfield code='a'>e-uk-st</subfield></datafield><datafield ind1=' ' ind2=' ' tag='079'><subfield code='a'>ocm84838483</subfield></datafield><datafield ind1=' ' ind2=' ' tag='090'><subfield code='a'>DS135.E5</subfield><subfield code='b'>H57 2007</subfield></datafield><datafield ind1='1' ind2=' ' tag='100'><subfield code='a'>Hirschman, Elizabeth Caldwell,</subfield><subfield code='d'>1949-</subfield></datafield><datafield ind1='1' ind2='0' tag='245'><subfield code='a'>When Scotland was Jewish :</subfield><subfield code='b'>DNA evidence, archeology, analysis of migrations, and public and family records show twelfth century Semitic roots /</subfield><subfield code='c'>Elizabeth Caldwell Hirschman and Donald N. Yates.</subfield></datafield><datafield ind1=' ' ind2=' ' tag='260'><subfield code='a'>Jefferson, N.C. :</subfield><subfield code='b'>McFarland &amp; Co.,</subfield><subfield code='c'>c2007.</subfield></datafield><datafield ind1=' ' ind2=' ' tag='300'><subfield code='a'>vi, 258 p. :</subfield><subfield code='b'>ill., maps, geneal. tables ;</subfield><subfield code='c'>27 cm.</subfield></datafield><datafield ind1='0' ind2=' ' tag='505'><subfield code='a'>The origins of Scotland -- DNA and population studies : &quot;But why do you think they were Jewish?&quot; -- Genealogies of the first wave of Jewish families, 1100-1350 C.E. -- Genealogies of the second wave of Jewish families, 1350-1700 C.E. -- The early Jews of France, 700-1200 C.E. -- When did Jews arrive in Scotland? -- To Scotland&apos;s Stirling, Ayr, and Glasgow -- The Knights Templar, Freemasons and Cabala in Scotland -- The Judaic Colony at Aberdeen -- The religions of Scotland : did Presbyterianism have crypto-Jewish origins? -- Jews in the national consciousness of Scotland : Scott&apos;s Ivanhoe.</subfield></datafield><datafield ind1=' ' ind2=' ' tag='520'><subfield code='a'>&quot;Much traditional history of Scotland rests on fundamental interpretive errors perpetuated to maintain an origin as Celtic, Christian. This equation of Scotland with Celtic culture in popular (and academic) imagination has buried a more accurate understanding of its history. Research includes census records, archaeological artifacts, cemetery inscriptions, religious seals, coinage, noble genealogies, portraiture, and place names&quot;--Provided by publisher.</subfield></datafield><datafield ind1=' ' ind2=' ' tag='504'><subfield code='a'>Includes bibliographical references (p. 247-252) and index.</subfield></datafield><datafield ind1=' ' ind2='0' tag='650'><subfield code='a'>Jews</subfield><subfield code='z'>Scotland</subfield><subfield code='x'>History.</subfield></datafield><datafield ind1=' ' ind2='0' tag='650'><subfield code='a'>Jews</subfield><subfield code='z'>Scotland</subfield><subfield code='v'>Genealogy.</subfield></datafield><datafield ind1=' ' ind2='0' tag='651'><subfield code='a'>Scotland</subfield><subfield code='x'>History.</subfield></datafield><datafield ind1=' ' ind2='0' tag='650'><subfield code='a'>Scots</subfield><subfield code='x'>History.</subfield></datafield><datafield ind1=' ' ind2='0' tag='650'><subfield code='a'>Scots</subfield><subfield code='v'>Genealogy.</subfield></datafield><datafield ind1='1' ind2=' ' tag='700'><subfield code='a'>Yates, Donald Neal.</subfield></datafield><datafield ind1='4' ind2='1' tag='856'><subfield code='z'>Access table of contents</subfield><subfield code='u'>http://www.loc.gov/catdir/toc/ecip0711/2007006397.html</subfield></datafield><datafield ind1=' ' ind2=' ' tag='901'><subfield code='a'>BNA</subfield></datafield><datafield ind1=' ' ind2=' ' tag='901'><subfield code='a'>R7653686</subfield></datafield><datafield ind1=' ' ind2=' ' tag='902'><subfield code='a'>150824</subfield></datafield><datafield ind1=' ' ind2=' ' tag='902'><subfield code='a'>070725AB0701</subfield></datafield><datafield ind1=' ' ind2=' ' tag='907'><subfield code='a'>.b32821438</subfield><subfield code='b'>p    </subfield><subfield code='c'>-</subfield></datafield><datafield ind1=' ' ind2=' ' tag='945'><subfield code='l'>pstk </subfield><subfield code='g'>1</subfield></datafield><datafield ind1=' ' ind2=' ' tag='979'><subfield code='a'>ocm84838483</subfield></datafield><datafield ind1=' ' ind2=' ' tag='998'><subfield code='b'>0</subfield><subfield code='c'>071116</subfield><subfield code='d'>m</subfield><subfield code='e'>a</subfield><subfield code='f'>-</subfield><subfield code='g'>0</subfield></datafield><datafield ind1=' ' ind2=' ' tag='998'><subfield code='a'>11/16/07</subfield><subfield code='s'>LC</subfield><subfield code='c'>DG </subfield></datafield><datafield ind1=' ' ind2=' ' tag='ADM'><subfield code='b'>2017-08-25 22:51:09</subfield><subfield code='e'>b32821438-01tuli_inst</subfield><subfield code='d'>ILS</subfield><subfield code='a'>2017-06-20 14:40:51</subfield><subfield code='c'>false</subfield></datafield><datafield ind1='0' ind2=' ' tag='HLD'><subfield code='b'>MAIN</subfield><subfield code='c'>stacks</subfield><subfield code='h'>DS135.E5</subfield><subfield code='i'>H57 2007</subfield><subfield code='8'>22333298990003811</subfield></datafield><datafield ind1=' ' ind2=' ' tag='ITM'><subfield code='r'>22333298990003811</subfield><subfield code='b'>1</subfield><subfield code='h'>0</subfield><subfield code='g'>stacks</subfield><subfield code='t'>BOOK</subfield><subfield code='9'>39074023460009</subfield><subfield code='e'>stacks</subfield><subfield code='8'>23333298980003811</subfield><subfield code='a'>0</subfield><subfield code='q'>2017-06-20 14:40:51</subfield><subfield code='i'>DS135.E5 H57 2007</subfield><subfield code='d'>MAIN</subfield><subfield code='f'>MAIN</subfield></datafield></record>