
  <record xmlns='http://www.loc.gov/MARC21/slim'><leader>02782nam a22003853u 4500</leader><controlfield tag='001'>991036747999003811</controlfield><controlfield tag='005'>20140428011002.0</controlfield><controlfield tag='006'>m        d        </controlfield><controlfield tag='007'>cr -n---------</controlfield><controlfield tag='008'>140428s2014|||||||     s|||||||||||eng|d</controlfield><datafield ind1=' ' ind2=' ' tag='020'><subfield code='e'>1-4766-1343-5</subfield></datafield><datafield ind1=' ' ind2=' ' tag='020'><subfield code='a'>0-7864-7684-2</subfield></datafield><datafield ind1=' ' ind2=' ' tag='020'><subfield code='a'>1-306-67475-1</subfield></datafield><datafield ind1=' ' ind2=' ' tag='035'><subfield code='a'>(CKB)2550000001276724</subfield></datafield><datafield ind1=' ' ind2=' ' tag='035'><subfield code='a'>(EBL)1678761</subfield></datafield><datafield ind1=' ' ind2=' ' tag='035'><subfield code='a'>(SSID)ssj0001181339</subfield></datafield><datafield ind1=' ' ind2=' ' tag='035'><subfield code='a'>(PQKBManifestationID)12479555</subfield></datafield><datafield ind1=' ' ind2=' ' tag='035'><subfield code='a'>(PQKBTitleCode)TC0001181339</subfield></datafield><datafield ind1=' ' ind2=' ' tag='035'><subfield code='a'>(PQKBWorkID)11159477</subfield></datafield><datafield ind1=' ' ind2=' ' tag='035'><subfield code='a'>(PQKB)10332398</subfield></datafield><datafield ind1=' ' ind2=' ' tag='035'><subfield code='a'>(EXLCZ)992550000001276724</subfield></datafield><datafield ind1=' ' ind2=' ' tag='040'><subfield code='a'>AU-PeEL</subfield><subfield code='b'>eng</subfield><subfield code='c'>AU-PeEL</subfield><subfield code='d'>AU-PeEL</subfield></datafield><datafield ind1=' ' ind2=' ' tag='041'><subfield code='a'>eng</subfield></datafield><datafield ind1=' ' ind2='4' tag='050'><subfield code='a'>DS135 .E5 H567 2014</subfield></datafield><datafield ind1='0' ind2='0' tag='082'><subfield code='a'>942.0049</subfield><subfield code='a'>942.004924</subfield></datafield><datafield ind1='1' ind2=' ' tag='100'><subfield code='a'>Hirschman, Elizabeth Caldwell.</subfield></datafield><datafield ind1='1' ind2='4' tag='245'><subfield code='a'>The Early Jews and Muslims of England and Wales</subfield><subfield code='h'>[electronic resource] :</subfield><subfield code='b'>A Genetic and Genealogical History</subfield></datafield><datafield ind1=' ' ind2=' ' tag='246'><subfield code='a'>Early Jews and Muslims of England and Wales </subfield></datafield><datafield ind1=' ' ind2=' ' tag='246'><subfield code='a'>The Early Jews and Muslims of England and Wales</subfield></datafield><datafield ind1=' ' ind2=' ' tag='246'><subfield code='a'>Early Jews and Muslims of England and Wales, The </subfield></datafield><datafield ind1=' ' ind2=' ' tag='260'><subfield code='a'>Jefferson :</subfield><subfield code='b'>McFarland &amp; Company, Inc., Publishers,</subfield><subfield code='c'>2014.</subfield></datafield><datafield ind1=' ' ind2=' ' tag='300'><subfield code='a'>1 online resource (251 p.)</subfield></datafield><datafield ind1=' ' ind2=' ' tag='336'><subfield code='a'>text</subfield><subfield code='b'>txt</subfield></datafield><datafield ind1=' ' ind2=' ' tag='337'><subfield code='a'>computer</subfield><subfield code='b'>c</subfield></datafield><datafield ind1=' ' ind2=' ' tag='338'><subfield code='a'>online resource</subfield><subfield code='b'>cr</subfield></datafield><datafield ind1=' ' ind2=' ' tag='500'><subfield code='a'>Description based upon print version of record.</subfield></datafield><datafield ind1='0' ind2=' ' tag='505'><subfield code='a'>Cover; Table of Contents; Introduction (with Inscription from William Blake&apos;s &quot;Jerusalem&quot;); 1. The First Jews in Britain; 2. Black Swan: Sepharad in Post-Roman Britain; 3. Saxons, Vikings and Muslims; 4. Contextualizing the Normans; 5. Who Was Jewish in the Conqueror&apos;s England; 6. More Domesday Jews and Arabs; 7. The Jews in England 1066-1290; 8. A Necessary Excursion to Wales; 9. The Irony of It All: English Jews and Muslims 1300-1450; 10. Enter the Tudors 1450-1550; 11. Philo-Semitism 1550-1700; 12. Daniel Defoe and Robinson Crusoe; Epilogue; Appendix A. Jewish DNA Hot Spots</subfield></datafield><datafield ind1='8' ind2=' ' tag='505'><subfield code='a'>Appendix B. Post-Conquest and Angevin JewsAppendix C. London Merchants 1300-1500; Chapter Notes; References; Index</subfield></datafield><datafield ind1=' ' ind2=' ' tag='520'><subfield code='a'>This book proposes that Jews were present in England in substantial numbers from the Roman Conquest forward. Indeed, there has never been a time during which a large Jewish-descended, and later Muslim-descended, population has been absent from England. Contrary to popular history, the Jewish population was not expelled from England in 1290, but rather adopted the public face of Christianity, while continuing to practice Judaism in secret. Crypto-Jews and Crypto-Muslims held the highest offices in the land, including service as archbishops, dukes, earls, kings and queens. Among those proposed t</subfield></datafield><datafield ind1=' ' ind2=' ' tag='546'><subfield code='a'>English</subfield></datafield><datafield ind1=' ' ind2='4' tag='650'><subfield code='a'>English -- History.</subfield></datafield><datafield ind1=' ' ind2='4' tag='650'><subfield code='a'>Ethnohistory -- England.</subfield></datafield><datafield ind1=' ' ind2='4' tag='650'><subfield code='a'>Ethnology -- England -- History.</subfield></datafield><datafield ind1=' ' ind2='4' tag='650'><subfield code='a'>Human population genetics -- England.</subfield></datafield><datafield ind1=' ' ind2='4' tag='650'><subfield code='a'>Jews -- England -- Genealogy.</subfield></datafield><datafield ind1=' ' ind2='4' tag='650'><subfield code='a'>Jews -- England -- History.</subfield></datafield><datafield ind1=' ' ind2='4' tag='650'><subfield code='a'>Muslims -- England -- History.</subfield></datafield><datafield ind1=' ' ind2='0' tag='655'><subfield code='a'>Electronic books.</subfield></datafield><datafield ind1=' ' ind2='0' tag='650'><subfield code='a'>Jews</subfield><subfield code='x'>History</subfield><subfield code='z'>England</subfield><subfield code='v'>Genealogy</subfield></datafield><datafield ind1=' ' ind2='0' tag='650'><subfield code='a'>Jews</subfield><subfield code='x'>History</subfield><subfield code='z'>England</subfield></datafield><datafield ind1=' ' ind2='0' tag='650'><subfield code='a'>English</subfield><subfield code='x'>History</subfield><subfield code='z'>England</subfield></datafield><datafield ind1=' ' ind2='0' tag='650'><subfield code='a'>Ethnology</subfield><subfield code='x'>History</subfield><subfield code='z'>England</subfield></datafield><datafield ind1=' ' ind2='0' tag='650'><subfield code='a'>Ethnohistory</subfield><subfield code='z'>England</subfield></datafield><datafield ind1=' ' ind2='0' tag='650'><subfield code='a'>Human population genetics</subfield><subfield code='z'>England</subfield></datafield><datafield ind1=' ' ind2='0' tag='650'><subfield code='a'>Muslims</subfield></datafield><datafield ind1=' ' ind2='7' tag='650'><subfield code='a'>Regions &amp; Countries - Asia &amp; the Middle East</subfield><subfield code='2'>HILCC</subfield></datafield><datafield ind1=' ' ind2='7' tag='650'><subfield code='a'>History &amp; Archaeology</subfield><subfield code='2'>HILCC</subfield></datafield><datafield ind1=' ' ind2='7' tag='650'><subfield code='a'>Middle East</subfield><subfield code='2'>HILCC</subfield></datafield><datafield ind1='1' ind2=' ' tag='700'><subfield code='a'>Yates, Donald N.</subfield></datafield><datafield ind1=' ' ind2=' ' tag='906'><subfield code='a'>BOOK</subfield></datafield><datafield ind1=' ' ind2=' ' tag='PRT'><subfield code='a'>53353174690003811</subfield><subfield code='b'>https://sandbox01-na.alma.exlibrisgroup.com/view/uresolver/01TULI_INST/openurl?u.ignore_date_coverage=true&amp;rft.mms_id=991036747999003811</subfield><subfield code='e'>ebrary</subfield><subfield code='c'>ebrary Academic Complete</subfield><subfield code='h'>611000000000000008</subfield><subfield code='8'>53353174690003811</subfield></datafield></record>