
  <record xmlns='http://www.loc.gov/MARC21/slim'><leader>02852nam a22005655i 4500</leader><controlfield tag='001'>991036901720003811</controlfield><controlfield tag='005'>20170728062733.0</controlfield><controlfield tag='007'>cr nn 008mamaa</controlfield><controlfield tag='008'>170728s2017    gw |    o    |||| 0|eng d</controlfield><datafield ind1=' ' ind2=' ' tag='020'><subfield code='a'>3-319-63688-X</subfield></datafield><datafield ind1='7' ind2=' ' tag='024'><subfield code='a'>10.1007/978-3-319-63688-7</subfield><subfield code='2'>doi</subfield></datafield><datafield ind1=' ' ind2=' ' tag='035'><subfield code='a'>(CKB)4340000000061647</subfield></datafield><datafield ind1=' ' ind2=' ' tag='035'><subfield code='a'>(DE-He213)978-3-319-63688-7</subfield></datafield><datafield ind1=' ' ind2=' ' tag='035'><subfield code='a'>(EXLCZ)994340000000061647</subfield></datafield><datafield ind1=' ' ind2='4' tag='050'><subfield code='a'>QA76.9.A25</subfield></datafield><datafield ind1=' ' ind2='7' tag='072'><subfield code='a'>URY</subfield><subfield code='2'>bicssc</subfield></datafield><datafield ind1=' ' ind2='7' tag='072'><subfield code='a'>COM053000</subfield><subfield code='2'>bisacsh</subfield></datafield><datafield ind1='0' ind2='4' tag='082'><subfield code='a'>005.82</subfield><subfield code='2'>23</subfield></datafield><datafield ind1='1' ind2='0' tag='245'><subfield code='a'>Advances in Cryptology – CRYPTO 2017</subfield><subfield code='h'>[electronic resource] :</subfield><subfield code='b'>37th Annual International Cryptology Conference, Santa Barbara, CA, USA, August 20–24, 2017, Proceedings, Part I /</subfield><subfield code='c'>edited by Jonathan Katz, Hovav Shacham.</subfield></datafield><datafield ind1=' ' ind2='1' tag='264'><subfield code='a'>Cham :</subfield><subfield code='b'>Springer International Publishing :</subfield><subfield code='b'>Imprint: Springer,</subfield><subfield code='c'>2017.</subfield></datafield><datafield ind1=' ' ind2=' ' tag='300'><subfield code='a'>1 online resource (XV, 793 p. 120 illus.) </subfield></datafield><datafield ind1=' ' ind2=' ' tag='336'><subfield code='a'>text</subfield><subfield code='b'>txt</subfield><subfield code='2'>rdacontent</subfield></datafield><datafield ind1=' ' ind2=' ' tag='337'><subfield code='a'>computer</subfield><subfield code='b'>c</subfield><subfield code='2'>rdamedia</subfield></datafield><datafield ind1=' ' ind2=' ' tag='338'><subfield code='a'>online resource</subfield><subfield code='b'>cr</subfield><subfield code='2'>rdacarrier</subfield></datafield><datafield ind1=' ' ind2=' ' tag='347'><subfield code='a'>text file</subfield><subfield code='b'>PDF</subfield><subfield code='2'>rda</subfield></datafield><datafield ind1='1' ind2=' ' tag='490'><subfield code='a'>Lecture Notes in Computer Science,</subfield><subfield code='x'>0302-9743 ;</subfield><subfield code='v'>10401</subfield></datafield><datafield ind1=' ' ind2=' ' tag='520'><subfield code='a'>The three volume-set, LNCS 10401, LNCS 10402, and LNCS 10403, constitutes the refereed proceedings of the 37th Annual International Cryptology Conference, CRYPTO 2017, held in Santa Barbara, CA, USA, in August 2017. The 72 revised full papers presented were carefully reviewed and selected from 311 submissions. The papers are organized in the following topical sections: functional encryption; foundations; two-party computation; bitcoin; multiparty computation; award papers; obfuscation; conditional disclosure of secrets; OT and ORAM; quantum; hash functions; lattices; signatures; block ciphers; authenticated encryption; public-key encryption, stream ciphers, lattice crypto; leakage and subversion; symmetric-key crypto, and real-world crypto.</subfield></datafield><datafield ind1=' ' ind2='0' tag='650'><subfield code='a'>Computer science.</subfield></datafield><datafield ind1=' ' ind2='0' tag='650'><subfield code='a'>Computer communication systems.</subfield></datafield><datafield ind1=' ' ind2='0' tag='650'><subfield code='a'>Computer security.</subfield></datafield><datafield ind1=' ' ind2='0' tag='650'><subfield code='a'>Data encryption (Computer science).</subfield></datafield><datafield ind1=' ' ind2='0' tag='650'><subfield code='a'>Computers and civilization.</subfield></datafield><datafield ind1=' ' ind2='0' tag='650'><subfield code='a'>Computers.</subfield></datafield><datafield ind1=' ' ind2='0' tag='650'><subfield code='a'>Law and legislation.</subfield></datafield><datafield ind1=' ' ind2='0' tag='650'><subfield code='a'>Management information systems.</subfield></datafield><datafield ind1='1' ind2='4' tag='650'><subfield code='a'>Computer Science.</subfield></datafield><datafield ind1='2' ind2='4' tag='650'><subfield code='a'>Data Encryption.</subfield></datafield><datafield ind1='2' ind2='4' tag='650'><subfield code='a'>Systems and Data Security.</subfield></datafield><datafield ind1='2' ind2='4' tag='650'><subfield code='a'>Computer Communication Networks.</subfield></datafield><datafield ind1='2' ind2='4' tag='650'><subfield code='a'>Computers and Society.</subfield></datafield><datafield ind1='2' ind2='4' tag='650'><subfield code='a'>Management of Computing and Information Systems.</subfield></datafield><datafield ind1='2' ind2='4' tag='650'><subfield code='a'>Legal Aspects of Computing.</subfield></datafield><datafield ind1=' ' ind2=' ' tag='776'><subfield code='z'>3-319-63687-1</subfield></datafield><datafield ind1='1' ind2=' ' tag='700'><subfield code='a'>Katz, Jonathan.</subfield><subfield code='e'>editor.</subfield></datafield><datafield ind1='1' ind2=' ' tag='700'><subfield code='a'>Shacham, Hovav.</subfield><subfield code='e'>editor.</subfield></datafield><datafield ind1=' ' ind2='0' tag='830'><subfield code='a'>Lecture Notes in Computer Science,</subfield><subfield code='x'>0302-9743 ;</subfield><subfield code='v'>10401</subfield></datafield><datafield ind1=' ' ind2=' ' tag='906'><subfield code='a'>BOOK</subfield></datafield><datafield ind1=' ' ind2=' ' tag='PRT'><subfield code='a'>53425968120003811</subfield><subfield code='b'>https://sandbox01-na.alma.exlibrisgroup.com/view/uresolver/01TULI_INST/openurl?u.ignore_date_coverage=true&amp;rft.mms_id=991036901720003811</subfield><subfield code='e'>Springer Link</subfield><subfield code='c'>SpringerLINK eBooks - English/International Collection (2017)</subfield><subfield code='h'>613810000000000404</subfield><subfield code='8'>53425968120003811</subfield></datafield></record>