
  <record xmlns='http://www.loc.gov/MARC21/slim'><leader>02959nam  2200493 i 4500</leader><controlfield tag='001'>991036748876003811</controlfield><controlfield tag='005'>20180325164415.0</controlfield><controlfield tag='006'>m     o  d |      </controlfield><controlfield tag='007'>cr#|n|||||||||</controlfield><controlfield tag='008'>150305t20152015wiu     ob    001 0 eng|d</controlfield><datafield ind1=' ' ind2=' ' tag='020'><subfield code='a'>9780299306137</subfield><subfield code='q'>electronic book</subfield></datafield><datafield ind1=' ' ind2=' ' tag='020'><subfield code='a'>0-299-30613-5</subfield></datafield><datafield ind1=' ' ind2=' ' tag='020'><subfield code='z'>0-299-30610-0</subfield></datafield><datafield ind1=' ' ind2=' ' tag='035'><subfield code='a'>(CKB)3710000000475871</subfield></datafield><datafield ind1=' ' ind2=' ' tag='035'><subfield code='a'>(EBL)4417142</subfield></datafield><datafield ind1=' ' ind2=' ' tag='035'><subfield code='a'>(SSID)ssj0001545876</subfield></datafield><datafield ind1=' ' ind2=' ' tag='035'><subfield code='a'>(PQKBManifestationID)16136645</subfield></datafield><datafield ind1=' ' ind2=' ' tag='035'><subfield code='a'>(PQKBTitleCode)TC0001545876</subfield></datafield><datafield ind1=' ' ind2=' ' tag='035'><subfield code='a'>(PQKBWorkID)14294317</subfield></datafield><datafield ind1=' ' ind2=' ' tag='035'><subfield code='a'>(PQKB)10462900</subfield></datafield><datafield ind1=' ' ind2=' ' tag='035'><subfield code='a'>(MiAaPQ)EBC4417142</subfield></datafield><datafield ind1=' ' ind2=' ' tag='035'><subfield code='a'>(EXLCZ)993710000000475871</subfield></datafield><datafield ind1=' ' ind2=' ' tag='040'><subfield code='a'>MiAaPQ</subfield><subfield code='b'>eng</subfield><subfield code='e'>rda</subfield><subfield code='e'>pn</subfield><subfield code='c'>MiAaPQ</subfield><subfield code='d'>MiAaPQ</subfield></datafield><datafield ind1='0' ind2=' ' tag='041'><subfield code='a'>eng</subfield></datafield><datafield ind1=' ' ind2=' ' tag='043'><subfield code='a'>s-pe---</subfield></datafield><datafield ind1=' ' ind2='4' tag='050'><subfield code='a'>BX1740.P5</subfield><subfield code='b'>S33 2015</subfield></datafield><datafield ind1='0' ind2='0' tag='082'><subfield code='a'>272.2098525</subfield></datafield><datafield ind1='1' ind2=' ' tag='100'><subfield code='a'>Schaposchnik, Ana E.,</subfield><subfield code='e'>author.</subfield></datafield><datafield ind1='1' ind2='0' tag='245'><subfield code='a'>&lt;&lt;The&gt;&gt; Lima Inquisition :</subfield><subfield code='b'>the plight of crypto-Jews in seventeenth-century Peru /</subfield><subfield code='c'>Ana E. Schaposchnik.</subfield></datafield><datafield ind1=' ' ind2='1' tag='264'><subfield code='a'>Madison, Wisconsin :</subfield><subfield code='b'>The University of Wisconsin Press,</subfield><subfield code='c'>[2015]</subfield></datafield><datafield ind1=' ' ind2='4' tag='264'><subfield code='c'>©2015</subfield></datafield><datafield ind1=' ' ind2=' ' tag='300'><subfield code='a'>1 online resource (304 pages)</subfield></datafield><datafield ind1=' ' ind2=' ' tag='336'><subfield code='a'>text</subfield><subfield code='b'>txt</subfield></datafield><datafield ind1=' ' ind2=' ' tag='337'><subfield code='a'>computer</subfield><subfield code='b'>c</subfield></datafield><datafield ind1=' ' ind2=' ' tag='338'><subfield code='a'>online resource</subfield><subfield code='b'>cr</subfield></datafield><datafield ind1=' ' ind2=' ' tag='500'><subfield code='a'>Description based upon print version of record.</subfield></datafield><datafield ind1=' ' ind2=' ' tag='546'><subfield code='a'>English</subfield></datafield><datafield ind1=' ' ind2=' ' tag='504'><subfield code='a'>Includes bibliographical references and index.</subfield></datafield><datafield ind1='0' ind2=' ' tag='505'><subfield code='a'>Heresy and Inquisition in the Iberian World -- The Trial as a Setting for Confession and Repentance -- A Cobbler and a Merchant -- A Community under Trial in Colonial Peru -- The Inner World of the Lima Prisons -- The Plight of the Condemned.</subfield></datafield><datafield ind1=' ' ind2=' ' tag='520'><subfield code='a'>Established in Peru in 1570, the Holy Office of the Inquisition operated there until 1820, prosecuting, torturing, and sentencing alleged heretics. Ana Schaposchnik offers a deeply researched history of the Inquisition&apos;s tribunal in the capital city of Lima, with a focus on cases of crypto-Judaism - the secret adherence to Judaism while publicly professing Christianity. Delving into the records of the tribunal, Schaposchnik brings to light the experiences of individuals on both sides of the process. Some prisoners, she discovers, developed a limited degree of agency as they managed to stall trials or mitigate the most extreme punishments. Training her attention on the accusers, Schaposchnik uncovers the agendas of specific inquisitors in bringing the condemned from the dungeons to the 1639 Auto General de Fe ceremony of public penance and execution. Through this fine-grained study of the tribunal&apos;s participants, Schaposchnik finds that the Inquisition sought to discipline and shape culture not so much through frequency of trials or number of sentences as through the potency of individual examples.</subfield></datafield><datafield ind1=' ' ind2='0' tag='650'><subfield code='a'>Inquisition</subfield><subfield code='z'>Peru</subfield><subfield code='z'>Lima</subfield><subfield code='x'>History</subfield><subfield code='y'>17th century.</subfield></datafield><datafield ind1=' ' ind2='0' tag='650'><subfield code='a'>Crypto-Jews</subfield><subfield code='z'>Peru</subfield><subfield code='x'>History</subfield><subfield code='y'>17th century.</subfield></datafield><datafield ind1='2' ind2='0' tag='610'><subfield code='a'>Catholic Church</subfield><subfield code='z'>Peru</subfield><subfield code='x'>History</subfield><subfield code='y'>17th century.</subfield></datafield><datafield ind1=' ' ind2='0' tag='651'><subfield code='a'>Peru</subfield><subfield code='x'>History</subfield><subfield code='y'>1548-1820.</subfield></datafield><datafield ind1=' ' ind2=' ' tag='906'><subfield code='a'>BOOK</subfield></datafield><datafield ind1=' ' ind2=' ' tag='PRT'><subfield code='a'>53406149890003811</subfield><subfield code='b'>https://sandbox01-na.alma.exlibrisgroup.com/view/uresolver/01TULI_INST/openurl?u.ignore_date_coverage=true&amp;rft.mms_id=991036748876003811</subfield><subfield code='e'>EBSCOhost</subfield><subfield code='c'>EBSCOhost eBook History Collection - North America</subfield><subfield code='h'>613790000000001582</subfield><subfield code='8'>53406149890003811</subfield></datafield><datafield ind1=' ' ind2=' ' tag='PRT'><subfield code='a'>53395039990003811</subfield><subfield code='b'>https://sandbox01-na.alma.exlibrisgroup.com/view/uresolver/01TULI_INST/openurl?u.ignore_date_coverage=true&amp;rft.mms_id=991036748876003811</subfield><subfield code='e'>EBSCOhost</subfield><subfield code='c'>EBSCOhost Academic eBook Collection (North America)</subfield><subfield code='h'>613640000000000029</subfield><subfield code='8'>53395039990003811</subfield></datafield><datafield ind1=' ' ind2=' ' tag='PRT'><subfield code='a'>53406516280003811</subfield><subfield code='b'>https://sandbox01-na.alma.exlibrisgroup.com/view/uresolver/01TULI_INST/openurl?u.ignore_date_coverage=true&amp;rft.mms_id=991036748876003811</subfield><subfield code='e'>EBSCOhost</subfield><subfield code='c'>eBook Religion Collection</subfield><subfield code='h'>613790000000001583</subfield><subfield code='8'>53406516280003811</subfield></datafield><datafield ind1=' ' ind2=' ' tag='PRT'><subfield code='a'>53422839220003811</subfield><subfield code='b'>https://sandbox01-na.alma.exlibrisgroup.com/view/uresolver/01TULI_INST/openurl?u.ignore_date_coverage=true&amp;rft.mms_id=991036748876003811</subfield><subfield code='e'>Ebook Central</subfield><subfield code='c'>Ebook Central Academic Complete</subfield><subfield code='h'>614200000000000002</subfield><subfield code='8'>53422839220003811</subfield></datafield></record>