
  <record xmlns='http://www.loc.gov/MARC21/slim'><leader>02959nam a22004935i 4500</leader><controlfield tag='001'>991036801141203811</controlfield><controlfield tag='005'>20180328122948.0</controlfield><controlfield tag='007'>cr nn 008mamaa</controlfield><controlfield tag='008'>150731s2015    gw |    o    |||| 0|eng d</controlfield><datafield ind1=' ' ind2=' ' tag='020'><subfield code='a'>3-662-47989-3</subfield></datafield><datafield ind1='7' ind2=' ' tag='024'><subfield code='a'>10.1007/978-3-662-47989-6</subfield><subfield code='2'>doi</subfield></datafield><datafield ind1=' ' ind2=' ' tag='035'><subfield code='a'>(CKB)3710000000454294</subfield></datafield><datafield ind1=' ' ind2=' ' tag='035'><subfield code='a'>(SSID)ssj0001558428</subfield></datafield><datafield ind1=' ' ind2=' ' tag='035'><subfield code='a'>(PQKBManifestationID)16183802</subfield></datafield><datafield ind1=' ' ind2=' ' tag='035'><subfield code='a'>(PQKBTitleCode)TC0001558428</subfield></datafield><datafield ind1=' ' ind2=' ' tag='035'><subfield code='a'>(PQKBWorkID)14819242</subfield></datafield><datafield ind1=' ' ind2=' ' tag='035'><subfield code='a'>(PQKB)11695535</subfield></datafield><datafield ind1=' ' ind2=' ' tag='035'><subfield code='a'>(DE-He213)978-3-662-47989-6</subfield></datafield><datafield ind1=' ' ind2=' ' tag='035'><subfield code='a'>(EXLCZ)993710000000454294</subfield></datafield><datafield ind1=' ' ind2=' ' tag='040'><subfield code='a'>PQKB</subfield></datafield><datafield ind1=' ' ind2=' ' tag='041'><subfield code='a'>eng</subfield></datafield><datafield ind1=' ' ind2='4' tag='050'><subfield code='a'>QA76.9.A25</subfield></datafield><datafield ind1=' ' ind2='7' tag='072'><subfield code='a'>URY</subfield><subfield code='2'>bicssc</subfield></datafield><datafield ind1=' ' ind2='7' tag='072'><subfield code='a'>COM053000</subfield><subfield code='2'>bisacsh</subfield></datafield><datafield ind1='0' ind2='4' tag='082'><subfield code='a'>005.82</subfield><subfield code='2'>23</subfield></datafield><datafield ind1='1' ind2='0' tag='245'><subfield code='a'>Advances in Cryptology -- CRYPTO 2015</subfield><subfield code='h'>[electronic resource] :</subfield><subfield code='b'>35th Annual Cryptology Conference, Santa Barbara, CA, USA, August 16-20, 2015, Proceedings, Part I /</subfield><subfield code='c'>edited by Rosario Gennaro, Matthew Robshaw.</subfield></datafield><datafield ind1=' ' ind2=' ' tag='250'><subfield code='a'>1st ed. 2015.</subfield></datafield><datafield ind1=' ' ind2='1' tag='264'><subfield code='a'>Berlin, Heidelberg :</subfield><subfield code='b'>Springer Berlin Heidelberg :</subfield><subfield code='b'>Imprint: Springer,</subfield><subfield code='c'>2015.</subfield></datafield><datafield ind1=' ' ind2=' ' tag='300'><subfield code='a'>1 online resource (XVIII, 787 p. 108 illus.) </subfield></datafield><datafield ind1=' ' ind2=' ' tag='336'><subfield code='a'>text</subfield><subfield code='b'>txt</subfield></datafield><datafield ind1=' ' ind2=' ' tag='337'><subfield code='a'>computer</subfield><subfield code='b'>c</subfield></datafield><datafield ind1=' ' ind2=' ' tag='338'><subfield code='a'>online resource</subfield><subfield code='b'>cr</subfield></datafield><datafield ind1=' ' ind2=' ' tag='347'><subfield code='a'>text file</subfield><subfield code='b'>PDF</subfield><subfield code='2'>rda</subfield></datafield><datafield ind1='1' ind2=' ' tag='490'><subfield code='a'>Lecture Notes in Computer Science,</subfield><subfield code='x'>0302-9743 ;</subfield><subfield code='v'>9215</subfield></datafield><datafield ind1=' ' ind2=' ' tag='500'><subfield code='a'>Bibliographic Level Mode of Issuance: Monograph</subfield></datafield><datafield ind1=' ' ind2=' ' tag='546'><subfield code='a'>English</subfield></datafield><datafield ind1='0' ind2=' ' tag='505'><subfield code='a'>Lattice-based cryptography -- Cryptanalytic insights -- Modes and constructions -- Multilinear maps and IO -- Pseudorandomness -- Block cipher cryptanalysis -- Integrity -- Assumptions -- Hash functions and stream cipher cryptanalysis -- Implementations -- Multiparty computation -- Zero-knowledge -- Theory -- Signatures -- Non-signaling and information-theoretic crypto -- Attribute-based encryption -- New primitives -- Fully homomorphic/functional encryption.</subfield></datafield><datafield ind1=' ' ind2=' ' tag='520'><subfield code='a'>The two volume-set, LNCS 9215 and LNCS 9216, constitutes the refereed proceedings of the 35th Annual International Cryptology Conference, CRYPTO 2015, held in Santa Barbara, CA, USA, in August 2015. The 74 revised full papers presented were carefully reviewed and selected from 266 submissions. The papers are organized in the following topical sections: lattice-based cryptography; cryptanalytic insights; modes and constructions; multilinear maps and IO; pseudorandomness; block cipher cryptanalysis; integrity; assumptions; hash functions and stream cipher cryptanalysis; implementations; multiparty computation; zero-knowledge; theory; signatures; non-signaling and information-theoretic crypto; attribute-based encryption; new primitives; and fully homomorphic/functional encryption.</subfield></datafield><datafield ind1=' ' ind2='7' tag='650'><subfield code='a'>Computer Science</subfield><subfield code='2'>HILCC</subfield></datafield><datafield ind1=' ' ind2='7' tag='650'><subfield code='a'>Engineering &amp; Applied Sciences</subfield><subfield code='2'>HILCC</subfield></datafield><datafield ind1=' ' ind2=' ' tag='776'><subfield code='z'>3-662-47988-5</subfield></datafield><datafield ind1='1' ind2=' ' tag='700'><subfield code='a'>Gennaro, Rosario.</subfield><subfield code='e'>editor.</subfield></datafield><datafield ind1='1' ind2=' ' tag='700'><subfield code='a'>Robshaw, Matthew.</subfield><subfield code='e'>editor.</subfield></datafield><datafield ind1=' ' ind2='0' tag='830'><subfield code='a'>Lecture Notes in Computer Science,</subfield><subfield code='x'>0302-9743 ;</subfield><subfield code='v'>9215</subfield></datafield><datafield ind1=' ' ind2=' ' tag='906'><subfield code='a'>BOOK</subfield></datafield><datafield ind1=' ' ind2=' ' tag='ADM'><subfield code='b'>2018-03-30 07:51:56</subfield><subfield code='e'>993710000000454294</subfield><subfield code='d'>NON_SFX</subfield><subfield code='f'>20151106101039.0</subfield><subfield code='a'>2015-08-08 19:46:39</subfield><subfield code='c'>false</subfield></datafield><datafield ind1=' ' ind2=' ' tag='PRT'><subfield code='a'>53366749210003811</subfield><subfield code='b'>https://sandbox01-na.alma.exlibrisgroup.com/view/uresolver/01TULI_INST/openurl?u.ignore_date_coverage=true&amp;rft.mms_id=991036801141203811</subfield><subfield code='e'>Springer Link</subfield><subfield code='9'>Available</subfield><subfield code='c'>SpringerLink Books Complete</subfield><subfield code='h'>611000000000001381</subfield><subfield code='8'>53366749210003811</subfield></datafield></record>