
  <record xmlns='http://www.loc.gov/MARC21/slim'><leader>03040nam a22005175i 4500</leader><controlfield tag='001'>991036800421003811</controlfield><controlfield tag='005'>20170821182201.0</controlfield><controlfield tag='007'>cr nn 008mamaa</controlfield><controlfield tag='008'>140714s2014    gw |    o    |||| 0|eng d</controlfield><datafield ind1=' ' ind2=' ' tag='020'><subfield code='a'>3-662-44381-3</subfield></datafield><datafield ind1='7' ind2=' ' tag='024'><subfield code='a'>10.1007/978-3-662-44381-1</subfield><subfield code='2'>doi</subfield></datafield><datafield ind1=' ' ind2=' ' tag='035'><subfield code='a'>(CKB)3710000000219536</subfield></datafield><datafield ind1=' ' ind2=' ' tag='035'><subfield code='a'>(SSID)ssj0001295719</subfield></datafield><datafield ind1=' ' ind2=' ' tag='035'><subfield code='a'>(PQKBManifestationID)11754002</subfield></datafield><datafield ind1=' ' ind2=' ' tag='035'><subfield code='a'>(PQKBTitleCode)TC0001295719</subfield></datafield><datafield ind1=' ' ind2=' ' tag='035'><subfield code='a'>(PQKBWorkID)11346536</subfield></datafield><datafield ind1=' ' ind2=' ' tag='035'><subfield code='a'>(PQKB)11581774</subfield></datafield><datafield ind1=' ' ind2=' ' tag='035'><subfield code='a'>(DE-He213)978-3-662-44381-1</subfield></datafield><datafield ind1=' ' ind2=' ' tag='035'><subfield code='a'>(EXLCZ)993710000000219536</subfield></datafield><datafield ind1=' ' ind2=' ' tag='040'><subfield code='a'>PQKB</subfield></datafield><datafield ind1=' ' ind2=' ' tag='041'><subfield code='a'>eng</subfield></datafield><datafield ind1=' ' ind2='4' tag='050'><subfield code='a'>QA76.9.A25</subfield></datafield><datafield ind1=' ' ind2='7' tag='072'><subfield code='a'>URY</subfield><subfield code='2'>bicssc</subfield></datafield><datafield ind1=' ' ind2='7' tag='072'><subfield code='a'>COM053000</subfield><subfield code='2'>bisacsh</subfield></datafield><datafield ind1='0' ind2='4' tag='082'><subfield code='a'>005.82</subfield><subfield code='2'>23</subfield></datafield><datafield ind1=' ' ind2=' ' tag='100'><subfield code='a'>Garay, Juan A</subfield><subfield code='e'>Author</subfield></datafield><datafield ind1='1' ind2='0' tag='245'><subfield code='a'>Advances in Cryptology – CRYPTO 2014</subfield><subfield code='h'>[electronic resource] :</subfield><subfield code='b'>34th Annual Cryptology Conference, Santa Barbara, CA, USA, August 17-21, 2014, Proceedings, Part II /</subfield><subfield code='c'>edited by Juan A. Garay, Rosario Gennaro.</subfield></datafield><datafield ind1=' ' ind2='1' tag='264'><subfield code='a'>Berlin, Heidelberg :</subfield><subfield code='b'>Springer Berlin Heidelberg :</subfield><subfield code='b'>Imprint: Springer,</subfield><subfield code='c'>2014.</subfield></datafield><datafield ind1=' ' ind2=' ' tag='300'><subfield code='a'>1 online resource (XVIII, 532 p. 53 illus.) </subfield></datafield><datafield ind1=' ' ind2=' ' tag='336'><subfield code='a'>text</subfield><subfield code='b'>txt</subfield></datafield><datafield ind1=' ' ind2=' ' tag='337'><subfield code='a'>computer</subfield><subfield code='b'>c</subfield></datafield><datafield ind1=' ' ind2=' ' tag='338'><subfield code='a'>online resource</subfield><subfield code='b'>cr</subfield></datafield><datafield ind1=' ' ind2=' ' tag='347'><subfield code='a'>text file</subfield><subfield code='b'>PDF</subfield><subfield code='2'>rda</subfield></datafield><datafield ind1='1' ind2=' ' tag='490'><subfield code='a'>Lecture Notes in Computer Science,</subfield><subfield code='x'>0302-9743 ;</subfield><subfield code='v'>8617</subfield></datafield><datafield ind1=' ' ind2=' ' tag='500'><subfield code='a'>Bibliographic Level Mode of Issuance: Monograph</subfield></datafield><datafield ind1=' ' ind2=' ' tag='546'><subfield code='a'>English</subfield></datafield><datafield ind1='0' ind2=' ' tag='505'><subfield code='a'>Quantum Cryptography -- Foundations of Hardness -- Obfuscation.- Number-Theoretic Hardness -- Side Channels and Leakage Resilience -- Information-Theoretic Security -- Key Exchange and Secure Communication -- Zero Knowledge -- Composable Security -- Secure Computation – Foundations -- Secure Computation – Implementations.</subfield></datafield><datafield ind1=' ' ind2=' ' tag='520'><subfield code='a'>The two volume-set, LNCS 8616 and LNCS 8617, constitutes the refereed proceedings of the 34th Annual International Cryptology Conference, CRYPTO 2014, held in Santa Barbara, CA, USA, in August 2014. The 60 revised full papers presented in LNCS 8616 and LNCS 8617 were carefully reviewed and selected from 227 submissions. The papers are organized in topical sections on symmetric encryption and PRFs; formal methods; hash functions; groups and maps; lattices; asymmetric encryption and signatures; side channels and leakage resilience; obfuscation; FHE; quantum cryptography; foundations of hardness; number-theoretic hardness; information-theoretic security; key exchange and secure communication; zero knowledge; composable security; secure computation - foundations; secure computation - implementations.</subfield></datafield><datafield ind1=' ' ind2='7' tag='650'><subfield code='a'>Engineering &amp; Applied Sciences</subfield><subfield code='2'>HILCC</subfield></datafield><datafield ind1=' ' ind2='7' tag='650'><subfield code='a'>Computer Science</subfield><subfield code='2'>HILCC</subfield></datafield><datafield ind1=' ' ind2=' ' tag='776'><subfield code='z'>3-662-44380-5</subfield></datafield><datafield ind1='1' ind2=' ' tag='700'><subfield code='a'>Garay, Juan A.</subfield><subfield code='e'>editor.</subfield></datafield><datafield ind1='1' ind2=' ' tag='700'><subfield code='a'>Gennaro, Rosario.</subfield><subfield code='e'>editor.</subfield></datafield><datafield ind1=' ' ind2='0' tag='830'><subfield code='a'>Lecture Notes in Computer Science,</subfield><subfield code='x'>0302-9743 ;</subfield><subfield code='v'>8617</subfield></datafield><datafield ind1=' ' ind2=' ' tag='906'><subfield code='a'>BOOK</subfield></datafield><datafield ind1=' ' ind2=' ' tag='ADM'><subfield code='b'>2018-02-25 12:35:05</subfield><subfield code='e'>993710000000219536</subfield><subfield code='d'>NON_SFX</subfield><subfield code='f'>20160803134623.0</subfield><subfield code='a'>2014-08-10 00:12:22</subfield><subfield code='c'>false</subfield></datafield><datafield ind1=' ' ind2=' ' tag='PRT'><subfield code='a'>53366603850003811</subfield><subfield code='b'>https://sandbox01-na.alma.exlibrisgroup.com/view/uresolver/01TULI_INST/openurl?u.ignore_date_coverage=true&amp;rft.mms_id=991036800421003811</subfield><subfield code='e'>Springer Link</subfield><subfield code='9'>Available</subfield><subfield code='c'>SpringerLink Books Complete</subfield><subfield code='h'>611000000000001381</subfield><subfield code='8'>53366603850003811</subfield></datafield></record>