
  <record xmlns='http://www.loc.gov/MARC21/slim'><leader>03046cam a22004454a 4500</leader><controlfield tag='005'>20170825175447.0</controlfield><controlfield tag='008'>080410s2009    nju      b    001 0 eng  </controlfield><controlfield tag='001'>991034617669703811</controlfield><datafield ind1=' ' ind2=' ' tag='010'><subfield code='a'>2008016701</subfield></datafield><datafield ind1=' ' ind2=' ' tag='020'><subfield code='a'>9780813544502 (hardcover : alk. paper)</subfield></datafield><datafield ind1=' ' ind2=' ' tag='020'><subfield code='a'>9780813544519 (pbk. : alk. paper)</subfield></datafield><datafield ind1=' ' ind2=' ' tag='035'><subfield code='a'>(PPT)b39944748-01tuli_inst</subfield></datafield><datafield ind1=' ' ind2=' ' tag='035'><subfield code='a'>(DLC)ocn492906626</subfield><subfield code='9'>ExL</subfield></datafield><datafield ind1=' ' ind2=' ' tag='035'><subfield code='a'>ocn223108144</subfield></datafield><datafield ind1=' ' ind2=' ' tag='035'><subfield code='a'>(OCLC)ocn223108144</subfield></datafield><datafield ind1=' ' ind2=' ' tag='040'><subfield code='a'>DLC</subfield><subfield code='c'>DLC</subfield><subfield code='d'>DLC</subfield></datafield><datafield ind1=' ' ind2=' ' tag='043'><subfield code='a'>a-is---</subfield></datafield><datafield ind1=' ' ind2=' ' tag='079'><subfield code='a'>ocn223108144</subfield></datafield><datafield ind1=' ' ind2=' ' tag='090'><subfield code='a'>DS143</subfield><subfield code='b'>.R374 2009</subfield></datafield><datafield ind1='0' ind2='0' tag='245'><subfield code='a'>Religion or ethnicity?:</subfield><subfield code='b'>Jewish identities in evolution /</subfield><subfield code='c'>edited by Zvi Gitelman.</subfield></datafield><datafield ind1=' ' ind2=' ' tag='260'><subfield code='a'>New Brunswick, N.J. :</subfield><subfield code='b'>Rutgers University Press,</subfield><subfield code='c'>c2009.</subfield></datafield><datafield ind1=' ' ind2=' ' tag='300'><subfield code='a'>viii, 328 p. ;</subfield><subfield code='c'>24 cm.</subfield></datafield><datafield ind1=' ' ind2=' ' tag='504'><subfield code='a'>Includes bibliographical references and index.</subfield></datafield><datafield ind1='0' ind2=' ' tag='505'><subfield code='a'>Jewish religion, Jewish ethnicity: the evolution of Jewish identities / Zvi Gitelman -- Secularism, hellenism, and rabbis in antiquity / Yaron Eliav -- What is a Judaism?: perspectives from Second Temple Jewish studies / Gabriele Boccaccini -- Crypto-Jewish criticism of tradition and its echoes in Jewish communities / Miriam Bodian -- Spinoza and the origins of Jewish secularism / Steven Nadler -- Yiddish schools in America and the problem of secular Jewish identity / David Fishman -- Beyond assimilation: introducing subjectivity to German-Jewish history / Scott Spector -- Jewish self-identification and West European categories of belonging from the Enlightenment to World War II / Todd Endelman -- People of the (secular) book: literary anthologies and the making of Jewish identity in postwar America / Julian Levinson -- Secular-Jewish identity and the condition of secular Judaism in Israel / Charles Liebman and Yaacov Yadgar -- Beyond the religious-secular dichotomy: masortim in Israel / Charles Liebman and Yaacov Yadgar -- What kind of Jewish state do Israelis want?: the nature and determinants of Israeli attitudes toward secularism and some comparisons with Arab attitudes toward the relationship between religion and politics / Mark Tessler -- The construction of &apos;secular&apos; and &apos;religious&apos; in modern Hebrew literature / Shachar Pinsker -- Jewish identity and secularism in post-Soviet Russia and Ukraine / Zvi Gitelman -- Judaism, community, and Jewish culture in American life: continuities and transformations / Calvin Goldscheider -- Beyond apikorsut: a Judaism for secular Jews / Adam Chalom --  The nature and viability of Jewish religious and secular identities / Zvi Gitelman.</subfield></datafield><datafield ind1=' ' ind2='0' tag='650'><subfield code='a'>Jews</subfield><subfield code='x'>Identity.</subfield></datafield><datafield ind1=' ' ind2='0' tag='650'><subfield code='a'>Jews</subfield><subfield code='x'>Civilization.</subfield></datafield><datafield ind1=' ' ind2='0' tag='650'><subfield code='a'>Humanistic Judaism.</subfield></datafield><datafield ind1=' ' ind2='0' tag='650'><subfield code='a'>Judaism and secularism.</subfield></datafield><datafield ind1=' ' ind2='0' tag='650'><subfield code='a'>Jews</subfield><subfield code='z'>Israel</subfield><subfield code='x'>Identity.</subfield></datafield><datafield ind1=' ' ind2='0' tag='650'><subfield code='a'>Secularism</subfield><subfield code='z'>Israel.</subfield></datafield><datafield ind1='1' ind2=' ' tag='700'><subfield code='a'>Gitelman, Zvi Y.</subfield></datafield><datafield ind1=' ' ind2=' ' tag='901'><subfield code='a'>BNA</subfield></datafield><datafield ind1=' ' ind2=' ' tag='901'><subfield code='a'>R3786371</subfield></datafield><datafield ind1=' ' ind2=' ' tag='902'><subfield code='a'>140211</subfield></datafield><datafield ind1=' ' ind2=' ' tag='902'><subfield code='a'>090708AB0701</subfield></datafield><datafield ind1=' ' ind2=' ' tag='907'><subfield code='a'>.b39944748</subfield><subfield code='b'>p    </subfield><subfield code='c'>-</subfield></datafield><datafield ind1=' ' ind2=' ' tag='945'><subfield code='l'>pstk </subfield><subfield code='g'>1</subfield></datafield><datafield ind1=' ' ind2=' ' tag='979'><subfield code='a'>ocn223108144</subfield></datafield><datafield ind1=' ' ind2=' ' tag='998'><subfield code='b'>1</subfield><subfield code='c'>090715</subfield><subfield code='d'>m</subfield><subfield code='e'>a</subfield><subfield code='f'>-</subfield><subfield code='g'>0</subfield></datafield><datafield ind1=' ' ind2=' ' tag='998'><subfield code='b'>1</subfield><subfield code='c'>090715</subfield><subfield code='d'>m</subfield><subfield code='e'>a</subfield><subfield code='f'>-</subfield><subfield code='g'>0</subfield></datafield><datafield ind1=' ' ind2=' ' tag='ADM'><subfield code='b'>2017-08-25 21:54:47</subfield><subfield code='e'>b39944748-01tuli_inst</subfield><subfield code='d'>ILS</subfield><subfield code='a'>2017-06-20 06:25:33</subfield><subfield code='c'>false</subfield></datafield><datafield ind1='0' ind2=' ' tag='HLD'><subfield code='b'>MAIN</subfield><subfield code='c'>stacks</subfield><subfield code='h'>DS143</subfield><subfield code='i'>.R374 2009</subfield><subfield code='8'>22247495380003811</subfield></datafield><datafield ind1=' ' ind2=' ' tag='ITM'><subfield code='r'>22247495380003811</subfield><subfield code='b'>1</subfield><subfield code='h'>0</subfield><subfield code='g'>stacks</subfield><subfield code='t'>BOOK</subfield><subfield code='9'>39074021615331</subfield><subfield code='e'>stacks</subfield><subfield code='8'>23247495350003811</subfield><subfield code='a'>0</subfield><subfield code='q'>2017-06-20 06:25:33</subfield><subfield code='i'>DS143 .R374 2009</subfield><subfield code='d'>MAIN</subfield><subfield code='f'>MAIN</subfield></datafield></record>