
  <record xmlns='http://www.loc.gov/MARC21/slim'><leader>03114cam a2200433 i 4500</leader><controlfield tag='005'>20180430121124.0</controlfield><controlfield tag='008'>171204s2018    enk      b    001 0 eng  </controlfield><controlfield tag='001'>991036890086903811</controlfield><datafield ind1=' ' ind2=' ' tag='010'><subfield code='a'>  2017057884</subfield></datafield><datafield ind1=' ' ind2=' ' tag='019'><subfield code='a'>1004902292</subfield></datafield><datafield ind1=' ' ind2=' ' tag='020'><subfield code='a'>9781108424103</subfield><subfield code='q'>hardback</subfield></datafield><datafield ind1=' ' ind2=' ' tag='020'><subfield code='a'>1108424104</subfield><subfield code='q'>hardback</subfield></datafield><datafield ind1=' ' ind2=' ' tag='035'><subfield code='a'>(OCoLC)1015270284</subfield></datafield><datafield ind1=' ' ind2=' ' tag='040'><subfield code='a'>DLC</subfield><subfield code='b'>eng</subfield><subfield code='e'>rda</subfield><subfield code='c'>DLC</subfield><subfield code='d'>OCLCO</subfield><subfield code='d'>OCLCF</subfield><subfield code='d'>YDX</subfield><subfield code='d'>CHVBK</subfield></datafield><datafield ind1=' ' ind2=' ' tag='042'><subfield code='a'>pcc</subfield></datafield><datafield ind1=' ' ind2=' ' tag='043'><subfield code='a'>e-it---</subfield></datafield><datafield ind1='0' ind2='0' tag='050'><subfield code='a'>DS135.I8</subfield><subfield code='b'>K54 2018</subfield></datafield><datafield ind1='0' ind2='0' tag='082'><subfield code='a'>945/.004924009041</subfield><subfield code='2'>23</subfield></datafield><datafield ind1='1' ind2=' ' tag='100'><subfield code='a'>Klein, Shira,</subfield><subfield code='d'>1981-</subfield><subfield code='e'>author.</subfield></datafield><datafield ind1='1' ind2='0' tag='245'><subfield code='a'>Italy&apos;s Jews :</subfield><subfield code='b'>from emancipation to Fascism /</subfield><subfield code='c'>Shira Klein, Chapman University, California.</subfield></datafield><datafield ind1=' ' ind2='1' tag='264'><subfield code='a'>Cambridge, United Kingdom ;</subfield><subfield code='a'>New York :</subfield><subfield code='b'>Cambridge University Press,</subfield><subfield code='c'>2018.</subfield></datafield><datafield ind1=' ' ind2=' ' tag='300'><subfield code='a'>x, 369 pages ;</subfield><subfield code='c'>24 cm</subfield></datafield><datafield ind1=' ' ind2=' ' tag='336'><subfield code='a'>text</subfield><subfield code='b'>txt</subfield><subfield code='2'>rdacontent</subfield></datafield><datafield ind1=' ' ind2=' ' tag='337'><subfield code='a'>unmediated</subfield><subfield code='b'>n</subfield><subfield code='2'>rdamedia</subfield></datafield><datafield ind1=' ' ind2=' ' tag='338'><subfield code='a'>volume</subfield><subfield code='b'>nc</subfield><subfield code='2'>rdacarrier</subfield></datafield><datafield ind1=' ' ind2=' ' tag='504'><subfield code='a'>Includes bibliographical references and index.</subfield></datafield><datafield ind1='8' ind2=' ' tag='505'><subfield code='a'>Machine generated contents note: Introduction; 1. The making of Italian Jewish patriots: emancipation, World War I, and Fascism; 2. A thriving Jewish life: Jewish culture in the Kingdom of Italy; 3. Five long years of Italian racism: anti-Jewish laws, 1938-1943; 4. Hunting for Jews: the Italian and German manhunt in the Republic of Sal-, 1943-1945; 5. Imagining Italy: Italian Jewish refugees in the United States; 6. Fur coats in the Desert: Italian Jewish refugees in Palestine; 7. Recovery and revival: postwar Italian Jewry and the JDC; 8. The myth of the good Italian: making peace with postwar Italy; Conclusion.</subfield></datafield><datafield ind1=' ' ind2=' ' tag='520'><subfield code='a'>&quot;How did Italians treat Jews during World War II? Historians have shown beyond doubt that many Italians were complicit in the Holocaust, yet Italy is still known as the Axis state that helped Jews. Shira Klein uncovers how Italian Jews, though victims of Italian persecution, promoted the view that Fascist Italy was categorically good to them. She shows how the Jews&apos; experience in the decades before World War II - during which they became fervent Italian patriots while maintaining their distinctive Jewish culture - led them later to bolster the myth of Italy&apos;s wartime innocence in the Fascist racial campaign. Italy&apos;s Jews experienced a century of dramatic changes, from emancipation in 1848, to the 1938 Racial Laws, wartime refuge in America and Palestine, and the rehabilitation of Holocaust survivors. This cultural and social history draws on a wealth of unexplored sources, including original interviews and unpublished memoirs&quot;--</subfield><subfield code='c'>Provided by publisher.</subfield></datafield><datafield ind1=' ' ind2='7' tag='648'><subfield code='a'>1800-1999</subfield><subfield code='2'>fast</subfield></datafield><datafield ind1=' ' ind2='0' tag='650'><subfield code='a'>Jews</subfield><subfield code='z'>Italy</subfield><subfield code='x'>History</subfield><subfield code='y'>19th century.</subfield></datafield><datafield ind1=' ' ind2='0' tag='650'><subfield code='a'>Jews</subfield><subfield code='z'>Italy</subfield><subfield code='x'>History</subfield><subfield code='y'>20th century.</subfield></datafield><datafield ind1=' ' ind2='7' tag='650'><subfield code='a'>Ethnic relations.</subfield><subfield code='2'>fast</subfield><subfield code='0'>(OCoLC)fst00916005</subfield></datafield><datafield ind1=' ' ind2='7' tag='650'><subfield code='a'>Jews.</subfield><subfield code='2'>fast</subfield><subfield code='0'>(OCoLC)fst00983135</subfield></datafield><datafield ind1=' ' ind2='0' tag='651'><subfield code='a'>Italy</subfield><subfield code='x'>Ethnic relations.</subfield></datafield><datafield ind1=' ' ind2='7' tag='651'><subfield code='a'>Italy.</subfield><subfield code='2'>fast</subfield><subfield code='0'>(OCoLC)fst01204565</subfield></datafield><datafield ind1=' ' ind2='7' tag='655'><subfield code='a'>History.</subfield><subfield code='2'>fast</subfield><subfield code='0'>(OCoLC)fst01411628</subfield></datafield><datafield ind1=' ' ind2='1' tag='945'><subfield code='i'>39074026616540</subfield><subfield code='k'>MAIN</subfield><subfield code='l'>stacks</subfield><subfield code='a'>DS135.I8</subfield><subfield code='b'>K54 2018</subfield><subfield code='z'>090</subfield></datafield><datafield ind1=' ' ind2=' ' tag='979'><subfield code='a'>(OCoLC)1015270284</subfield></datafield><datafield ind1=' ' ind2=' ' tag='997'><subfield code='a'>20180417</subfield><subfield code='d'>TEU</subfield><subfield code='c'>COUTTS SR</subfield><subfield code='e'>MARCIVE</subfield><subfield code='e'>WCAT</subfield></datafield><datafield ind1='0' ind2=' ' tag='HLD'><subfield code='b'>MAIN</subfield><subfield code='c'>stacks</subfield><subfield code='h'>DS135.I8</subfield><subfield code='i'>K54 2018</subfield><subfield code='8'>22415218830003811</subfield></datafield><datafield ind1=' ' ind2=' ' tag='ITM'><subfield code='b'>1</subfield><subfield code='h'>0</subfield><subfield code='g'>stacks</subfield><subfield code='9'>39074026616540</subfield><subfield code='e'>stacks</subfield><subfield code='l'>0</subfield><subfield code='8'>23415218820003811</subfield><subfield code='j'>0</subfield><subfield code='a'>0</subfield><subfield code='q'>2018-04-05 14:58:24</subfield><subfield code='i'>DS135.I8 K54 2018</subfield><subfield code='d'>MAIN</subfield><subfield code='r'>2018-04-22 21:29:19</subfield><subfield code='f'>MAIN</subfield></datafield></record>