
  <record xmlns='http://www.loc.gov/MARC21/slim'><leader>03135pam a22004814a 4500</leader><controlfield tag='005'>20180315133252.0</controlfield><controlfield tag='008'>080222s2009    mdub     b    101 0 eng  </controlfield><controlfield tag='001'>991032963459703811</controlfield><datafield ind1=' ' ind2=' ' tag='010'><subfield code='a'>2008007948</subfield></datafield><datafield ind1=' ' ind2=' ' tag='020'><subfield code='a'>9780801890345 (hardcover : alk. paper)</subfield></datafield><datafield ind1=' ' ind2=' ' tag='020'><subfield code='a'>0801890349 (hardcover : alk. paper)</subfield></datafield><datafield ind1=' ' ind2=' ' tag='020'><subfield code='a'>9780801890352 (pbk. : alk. paper)</subfield></datafield><datafield ind1=' ' ind2=' ' tag='020'><subfield code='a'>0801890357 (pbk. : alk. paper)</subfield></datafield><datafield ind1=' ' ind2=' ' tag='035'><subfield code='a'>(PPT)b37295986-01tuli_inst</subfield></datafield><datafield ind1=' ' ind2=' ' tag='035'><subfield code='a'>(OCoLC)ocn492688403</subfield><subfield code='9'>ExL</subfield></datafield><datafield ind1=' ' ind2=' ' tag='035'><subfield code='a'>(OCoLC)212017790</subfield></datafield><datafield ind1=' ' ind2=' ' tag='035'><subfield code='a'>ocn212017790</subfield></datafield><datafield ind1=' ' ind2=' ' tag='035'><subfield code='a'>(OCLC)ocn212017790</subfield></datafield><datafield ind1=' ' ind2=' ' tag='040'><subfield code='a'>DLC</subfield><subfield code='c'>DLC</subfield><subfield code='d'>BTCTA</subfield><subfield code='d'>BAKER</subfield><subfield code='d'>YDXCP</subfield><subfield code='d'>OCLCG</subfield><subfield code='d'>C#P</subfield></datafield><datafield ind1=' ' ind2=' ' tag='079'><subfield code='a'>ocn212017790</subfield></datafield><datafield ind1=' ' ind2=' ' tag='090'><subfield code='a'>DS134</subfield><subfield code='b'>.A85 2009</subfield></datafield><datafield ind1='0' ind2='0' tag='245'><subfield code='a'>Atlantic diasporas :</subfield><subfield code='b'>Jews, conversos, and crypto-Jews in the age of mercantilism, 1500-1800 /</subfield><subfield code='c'>edited by Richard L. Kagan and Philip D. Morgan.</subfield></datafield><datafield ind1=' ' ind2=' ' tag='260'><subfield code='a'>Baltimore :</subfield><subfield code='b'>Johns Hopkins University Press,</subfield><subfield code='c'>2009.</subfield></datafield><datafield ind1=' ' ind2=' ' tag='300'><subfield code='a'>xvii, 307 p. :</subfield><subfield code='b'>maps ;</subfield><subfield code='c'>23 cm.</subfield></datafield><datafield ind1=' ' ind2=' ' tag='500'><subfield code='a'>Papers presented at the first Lavy Colloquium &quot;Atlantic Jewry in an Age of Mercantilism&quot; on March 25-26, 2005 at the Homewood Campus of the Johns Hopkins University in Baltimore.</subfield></datafield><datafield ind1=' ' ind2=' ' tag='504'><subfield code='a'>Includes bibliographic references (p. 219-293) and index.</subfield></datafield><datafield ind1='0' ind2=' ' tag='505'><subfield code='a'>Jews and crypto-Jews in the Atlantic world systems, 1500-1800 / Jonathan Israel -- Jewish history in an age of Atlanticism / Adam Sutcliffe -- Networks of colonial entrepreneurs: the founders of the Jewish settlements in Dutch America, 1650s and 1660s / Wim Klooster -- English markets, Jewish merchants, and Atlantic endeavors: Jews and the making of British transatlantic commercial culture, 1650-1800 / Holly Snyder -- La Nación amongst the nations: Portuguese, and other maritime trading diasporas in the Atlantic, sixteenth to eighteenth centuries / Daviken Studnicki-Gizbert -- Sephardic merchants in the early modern Atlantic and beyond: toward a comparative historical approach to business cooperation / Francesca Trivellato -- Jews and new Christians in Dutch Brazil 1630-1654 / Bruno Feitler -- A matriarchal matter: slavery, conversion, and upward mobility in Suriname&apos;s Jewish community / Aviva Ben-Ur -- Catholics, Jews and Muslims in early seventeenth-century Guiné / Peter Mark and José da Silva Horta-- These Indians are Jews!: Lost tribes, crypto-Jews, and Jewish self-fashioning in Antonio de Montezino&apos;s Relación of 1644 / Ronnie Perelis.</subfield></datafield><datafield ind1=' ' ind2='0' tag='650'><subfield code='a'>Sephardim</subfield><subfield code='x'>History</subfield><subfield code='v'>Congresses.</subfield></datafield><datafield ind1=' ' ind2='0' tag='650'><subfield code='a'>Marranos</subfield><subfield code='x'>History</subfield><subfield code='v'>Congresses.</subfield></datafield><datafield ind1=' ' ind2='0' tag='650'><subfield code='a'>Jews</subfield><subfield code='x'>History</subfield><subfield code='v'>Congresses.</subfield></datafield><datafield ind1=' ' ind2='0' tag='650'><subfield code='a'>Economic history</subfield><subfield code='y'>1600-1750</subfield><subfield code='v'>Congresses.</subfield></datafield><datafield ind1='1' ind2=' ' tag='700'><subfield code='a'>Kagan, Richard L.,</subfield><subfield code='d'>1943-</subfield></datafield><datafield ind1='1' ind2=' ' tag='700'><subfield code='a'>Morgan, Philip D.,</subfield><subfield code='d'>1949-</subfield></datafield><datafield ind1='4' ind2='2' tag='856'><subfield code='3'>Contributor biographical information</subfield><subfield code='u'>http://www.loc.gov/catdir/enhancements/fy0829/2008007948-b.html</subfield></datafield><datafield ind1='4' ind2='2' tag='856'><subfield code='3'>Publisher description</subfield><subfield code='u'>http://www.loc.gov/catdir/enhancements/fy0829/2008007948-d.html</subfield></datafield><datafield ind1=' ' ind2=' ' tag='901'><subfield code='a'>BNA</subfield></datafield><datafield ind1=' ' ind2=' ' tag='901'><subfield code='a'>R9752247</subfield></datafield><datafield ind1=' ' ind2=' ' tag='902'><subfield code='a'>081224AB0701</subfield></datafield><datafield ind1=' ' ind2=' ' tag='907'><subfield code='a'>.b37295986</subfield><subfield code='b'>p    </subfield><subfield code='c'>-</subfield></datafield><datafield ind1=' ' ind2=' ' tag='945'><subfield code='l'>pstk </subfield><subfield code='g'>1</subfield></datafield><datafield ind1=' ' ind2=' ' tag='979'><subfield code='a'>ocn212017790</subfield></datafield><datafield ind1=' ' ind2=' ' tag='998'><subfield code='b'>1</subfield><subfield code='c'>090116</subfield><subfield code='d'>m</subfield><subfield code='e'>a</subfield><subfield code='f'>-</subfield><subfield code='g'>0</subfield></datafield><datafield ind1=' ' ind2=' ' tag='998'><subfield code='b'>1</subfield><subfield code='c'>090116</subfield><subfield code='d'>m</subfield><subfield code='e'>a</subfield><subfield code='f'>-</subfield><subfield code='g'>0</subfield></datafield><datafield ind1=' ' ind2=' ' tag='ADM'><subfield code='b'>2018-03-15 17:32:52</subfield><subfield code='e'>b37295986-01tuli_inst</subfield><subfield code='d'>ILS</subfield><subfield code='a'>2017-06-20 06:45:56</subfield><subfield code='c'>false</subfield></datafield><datafield ind1='0' ind2=' ' tag='HLD'><subfield code='b'>MAIN</subfield><subfield code='c'>stacks</subfield><subfield code='h'>DS134</subfield><subfield code='i'>.A85 2009</subfield><subfield code='8'>22254132750003811</subfield></datafield><datafield ind1=' ' ind2=' ' tag='ITM'><subfield code='r'>22254132750003811</subfield><subfield code='b'>1</subfield><subfield code='h'>0</subfield><subfield code='g'>stacks</subfield><subfield code='t'>BOOK</subfield><subfield code='9'>39074025313453</subfield><subfield code='e'>stacks</subfield><subfield code='8'>23254132730003811</subfield><subfield code='a'>0</subfield><subfield code='q'>2017-06-20 06:45:56</subfield><subfield code='i'>DS134 .A85 2009</subfield><subfield code='d'>MAIN</subfield><subfield code='f'>MAIN</subfield></datafield></record>