
  <record xmlns='http://www.loc.gov/MARC21/slim'><leader>03198nam a2200445 a 4500</leader><controlfield tag='005'>20180315180119.0</controlfield><controlfield tag='008'>020507s2000    inub     b    101 0 eng d</controlfield><controlfield tag='001'>991012231079703811</controlfield><datafield ind1=' ' ind2=' ' tag='020'><subfield code='a'>0268022631 (paper : alk. paper)</subfield></datafield><datafield ind1=' ' ind2=' ' tag='035'><subfield code='a'>(PPT)b29977836-01tuli_inst</subfield></datafield><datafield ind1=' ' ind2=' ' tag='035'><subfield code='a'>(CStRLIN)ocn491572135</subfield><subfield code='9'>ExL</subfield></datafield><datafield ind1=' ' ind2=' ' tag='035'><subfield code='a'>PPTb29977836</subfield></datafield><datafield ind1=' ' ind2=' ' tag='035'><subfield code='a'>ocm45070202</subfield></datafield><datafield ind1=' ' ind2=' ' tag='035'><subfield code='a'>(OCLC)ocm45070202</subfield></datafield><datafield ind1=' ' ind2=' ' tag='040'><subfield code='a'>NjPI</subfield><subfield code='c'>NjPI</subfield><subfield code='d'>DFo</subfield></datafield><datafield ind1=' ' ind2=' ' tag='043'><subfield code='a'>e-sp---</subfield></datafield><datafield ind1=' ' ind2=' ' tag='079'><subfield code='a'>ocm45070202</subfield></datafield><datafield ind1=' ' ind2=' ' tag='090'><subfield code='a'>BL980.S7</subfield><subfield code='b'>C48 2000</subfield></datafield><datafield ind1='0' ind2='0' tag='245'><subfield code='a'>Christians, Muslims, and Jews in medieval and early modern Spain :</subfield><subfield code='b'>interaction and cultural change /</subfield><subfield code='c'>edited by Mark D. Meyerson and Edward D. English.</subfield></datafield><datafield ind1=' ' ind2=' ' tag='260'><subfield code='a'>Notre Dame, Ind. :</subfield><subfield code='b'>University of Notre Dame Press,</subfield><subfield code='c'>c2000.</subfield></datafield><datafield ind1=' ' ind2=' ' tag='300'><subfield code='a'>xxi, 345 p. :</subfield><subfield code='b'>1 map ;</subfield><subfield code='c'>23 cm.</subfield></datafield><datafield ind1=' ' ind2='0' tag='440'><subfield code='a'>Notre Dame conferences in medieval studies ;</subfield><subfield code='v'>8.</subfield></datafield><datafield ind1=' ' ind2=' ' tag='500'><subfield code='a'>Essays originally presented at a conference held at the University of Notre Dame on February 27-March 1, 1994, sponsored by Notre Dame&apos;s Medieval Institute.</subfield></datafield><datafield ind1=' ' ind2=' ' tag='504'><subfield code='a'>Includes bibliographical references and index.</subfield></datafield><datafield ind1='0' ind2=' ' tag='505'><subfield code='a'>Muḥummad as Antichrist in ninth-century Córdoba / Kenneth Baxter Wolf -- Reading the repartimientos : modeling settlement in the wake of conquest / Thomas F. Glick -- Maimonides and the Spanish Aristotelian school / Joel L. Kraemer -- Jewish-Muslim relations in the context of Andalusian emigration / Steven M. Wasserstrom -- Mudejar parallel societies : Anglophone historiography and Spanish context, 1975-2000 / Robert I. Burns, S.J. -- Muslim-Jewish relations in Crusader Majorca in the thirteenth century : an inquiry based on patrimony register 342 / Larry J. Simon -- Religious and sexual boundaries in the medieval crown of Aragon / David Nirenberg -- History and intertextuality in late medieval Spain / Eleazar Gutwirth -- Undermining the Jewish sense of future : Alfonso of Valladolid and the new Christian missionizing / Robert Chazan -- Crypto-Jewish women facing the Spanish Inquisition : transmitting religious practices, beliefs, and attitudes / Renée Levine Melammed -- Relations between conversos and old Christians in early modern Toledo : some different perspectives / Linda Martz -- Conversion and subversion : converso texts in fifteenth-century Spain / Dayle Seidenspinner-Núñez -- The Moriscos : loyal subjects of his Catholic majesty Philip III / Stephen Haliczer -- Moriscas and the limits of assimilation / Mary Elizabeth Perry -- The Moriscos and the Christian doctrine / Consuelo López-Morillas --</subfield></datafield><datafield ind1='8' ind2=' ' tag='505'><subfield code='a'>After 1492 : Spain as seen by non-Spainards / J.N. Hillgarth.</subfield></datafield><datafield ind1=' ' ind2='0' tag='651'><subfield code='a'>Spain</subfield><subfield code='x'>Religion</subfield><subfield code='v'>Congresses.</subfield></datafield><datafield ind1=' ' ind2='0' tag='651'><subfield code='a'>Spain</subfield><subfield code='x'>Church history</subfield><subfield code='v'>Congresses.</subfield></datafield><datafield ind1=' ' ind2='0' tag='650'><subfield code='a'>Islam</subfield><subfield code='z'>Spain</subfield><subfield code='x'>History</subfield><subfield code='v'>Congresses.</subfield></datafield><datafield ind1=' ' ind2='0' tag='650'><subfield code='a'>Judaism</subfield><subfield code='z'>Spain</subfield><subfield code='x'>History</subfield><subfield code='v'>Congresses.</subfield></datafield><datafield ind1=' ' ind2='0' tag='651'><subfield code='a'>Spain</subfield><subfield code='x'>Civilization</subfield><subfield code='y'>711-1516.</subfield></datafield><datafield ind1=' ' ind2='0' tag='651'><subfield code='a'>Spain</subfield><subfield code='x'>Civilization</subfield><subfield code='y'>1516-1700.</subfield></datafield><datafield ind1='1' ind2=' ' tag='700'><subfield code='a'>Meyerson, Mark D.</subfield></datafield><datafield ind1='1' ind2=' ' tag='700'><subfield code='a'>English, Edward D.</subfield></datafield><datafield ind1='2' ind2=' ' tag='710'><subfield code='a'>University of Notre Dame.</subfield><subfield code='b'>Medieval Institute.</subfield></datafield><datafield ind1=' ' ind2=' ' tag='907'><subfield code='a'>.b29977836</subfield><subfield code='b'>p    </subfield><subfield code='c'>-</subfield></datafield><datafield ind1=' ' ind2=' ' tag='945'><subfield code='l'>pstk </subfield><subfield code='g'>1</subfield></datafield><datafield ind1=' ' ind2=' ' tag='979'><subfield code='a'>ocm45070202</subfield></datafield><datafield ind1=' ' ind2=' ' tag='998'><subfield code='b'>0</subfield><subfield code='c'>060823</subfield><subfield code='d'>m</subfield><subfield code='e'>a</subfield><subfield code='f'>-</subfield><subfield code='g'>0</subfield></datafield><datafield ind1=' ' ind2=' ' tag='998'><subfield code='a'>08/23/06</subfield><subfield code='s'>RLIN</subfield><subfield code='c'>MW</subfield></datafield><datafield ind1=' ' ind2=' ' tag='ADM'><subfield code='b'>2018-03-15 22:01:19</subfield><subfield code='e'>b29977836-01tuli_inst</subfield><subfield code='d'>ILS</subfield><subfield code='a'>2017-06-20 08:37:57</subfield><subfield code='c'>false</subfield></datafield><datafield ind1='0' ind2=' ' tag='HLD'><subfield code='b'>MAIN</subfield><subfield code='c'>stacks</subfield><subfield code='h'>BL980.S7</subfield><subfield code='i'>C48 2000</subfield><subfield code='8'>22284581560003811</subfield></datafield><datafield ind1=' ' ind2=' ' tag='ITM'><subfield code='r'>22284581560003811</subfield><subfield code='b'>1</subfield><subfield code='h'>0</subfield><subfield code='g'>stacks</subfield><subfield code='t'>BOOK</subfield><subfield code='9'>39074020456117</subfield><subfield code='e'>stacks</subfield><subfield code='8'>23284581550003811</subfield><subfield code='a'>0</subfield><subfield code='q'>2017-06-20 08:37:57</subfield><subfield code='i'>BL980.S7 C48 2000</subfield><subfield code='d'>MAIN</subfield><subfield code='f'>MAIN</subfield></datafield></record>