
  <record xmlns='http://www.loc.gov/MARC21/slim'><leader>03208pam a2200445 a 4500</leader><controlfield tag='005'>20180315175944.0</controlfield><controlfield tag='008'>041206s2005    enk      b    001 0 eng  </controlfield><controlfield tag='001'>991012075499703811</controlfield><datafield ind1=' ' ind2=' ' tag='010'><subfield code='a'>2004028867</subfield></datafield><datafield ind1=' ' ind2=' ' tag='020'><subfield code='a'>0415324556 (hbk. : alk. paper)</subfield></datafield><datafield ind1=' ' ind2=' ' tag='020'><subfield code='a'>0415324564 (pbk. : alk. paper)</subfield></datafield><datafield ind1=' ' ind2=' ' tag='020'><subfield code='a'>0203356942 (e-book)</subfield></datafield><datafield ind1=' ' ind2=' ' tag='035'><subfield code='a'>(PPT)b29938582-01tuli_inst</subfield></datafield><datafield ind1=' ' ind2=' ' tag='035'><subfield code='a'>(OCoLC)ocn491554516</subfield><subfield code='9'>ExL</subfield></datafield><datafield ind1=' ' ind2=' ' tag='035'><subfield code='a'>DLCOCM57202206</subfield></datafield><datafield ind1=' ' ind2=' ' tag='035'><subfield code='a'>ocm57202206</subfield></datafield><datafield ind1=' ' ind2=' ' tag='035'><subfield code='a'>(OCLC)ocm57202206</subfield></datafield><datafield ind1=' ' ind2=' ' tag='040'><subfield code='a'>DLC</subfield><subfield code='c'>DLC</subfield><subfield code='d'>OCLCQ</subfield><subfield code='d'>UKM</subfield><subfield code='d'>BAKER</subfield><subfield code='d'>BWKUK</subfield></datafield><datafield ind1=' ' ind2=' ' tag='079'><subfield code='a'>ocm57202206</subfield></datafield><datafield ind1=' ' ind2=' ' tag='090'><subfield code='a'>PR2880.A1</subfield><subfield code='b'>W67 2005</subfield></datafield><datafield ind1='0' ind2='0' tag='245'><subfield code='a'>World-wide Shakespeares :</subfield><subfield code='b'>local appropriations in film and performance /</subfield><subfield code='c'>edited by Sonia Massai.</subfield></datafield><datafield ind1=' ' ind2=' ' tag='260'><subfield code='a'>London ;</subfield><subfield code='a'>New York :</subfield><subfield code='b'>Routledge,</subfield><subfield code='c'>2005.</subfield></datafield><datafield ind1=' ' ind2=' ' tag='300'><subfield code='a'>xii, 199 p. ;</subfield><subfield code='c'>21 cm.</subfield></datafield><datafield ind1=' ' ind2=' ' tag='504'><subfield code='a'>Includes bibliographical references (p. [175]-192) and index.</subfield></datafield><datafield ind1='0' ind2=' ' tag='505'><subfield code='a'>Defining local Shakespeares / Sonia Massai -- A branch of the blue Nile : Derek Walcott and the tropic of Shakespeare / Tobias Döring -- Political Pericles / Suzanne Gossett -- Shylock as crypto-Jew : a new Mexican adaptation of The merchant of Venice / Elizabeth Klein and Michael Shapiro -- Negotiating intercultural spaces : Much ado about nothing and Romeo and Juliet on the Chinese stage / Ruru Li -- &apos;It is the bloody business which informs thus ... &apos; local politics and performative praxis, Macbeth in India / Poonam Trivedi -- Relocating and dislocating Shakespeare in Robert Sturua&apos;s Twelfth night and Alexander Morfov&apos;s The tempest / Boika Sokolova -- &quot;I am not bound to please thee with my answers&quot; : The merchant of Venice on the German stage / Sabine Schülting.</subfield></datafield><datafield ind1='0' ind2=' ' tag='505'><subfield code='a'>Katherina &quot;humanized&quot; : abusing the shrew on the Prague stage / Marcela Kostihová -- Shooting the hero : the cinematic career of Henry V from Laurence Olivier to Philip Purser / Ton Hoenselaars -- Lamentable tragedy or black comedy? : Friedrich Dürrenmatt&apos;s adaptation of Titus Andronicus / Lukas Erne -- Subjection and redemption in Pasolini&apos;s Othello / Sonia Massai -- &apos;Meaning by Shakespeare&apos; south of the border / Alfredo Modenessi -- Dreams of England / Robert Shaughnessy -- The cultural logic of &apos;correcting&apos; The merchant of venice / Maria Jones -- Dancing with art : Robert Lepage&apos;s Elsinore / Margaret Jane Kidnie -- Hekepia? : the Mana of the Maori merchant / Mark Houlahan -- The haiku Macbeth : Shakespearean antithetical minimalism in Kurosawa&apos;s Kumonosu-jo / Saviour Catania -- Afterword / Barbara Hodgdon.</subfield></datafield><datafield ind1='1' ind2='0' tag='600'><subfield code='a'>Shakespeare, William,</subfield><subfield code='d'>1564-1616</subfield><subfield code='x'>Adaptations</subfield><subfield code='x'>History and criticism.</subfield></datafield><datafield ind1='1' ind2='0' tag='600'><subfield code='a'>Shakespeare, William,</subfield><subfield code='d'>1564-1616</subfield><subfield code='x'>Film adaptations.</subfield></datafield><datafield ind1='1' ind2='0' tag='600'><subfield code='a'>Shakespeare, William,</subfield><subfield code='d'>1564-1616</subfield><subfield code='x'>Stage history</subfield><subfield code='z'>Foreign countries.</subfield></datafield><datafield ind1='1' ind2='0' tag='600'><subfield code='a'>Shakespeare, William,</subfield><subfield code='d'>1564-1616</subfield><subfield code='x'>Appreciation</subfield><subfield code='z'>Foreign countries.</subfield></datafield><datafield ind1='1' ind2=' ' tag='700'><subfield code='a'>Massai, Sonia.</subfield></datafield><datafield ind1='4' ind2='1' tag='856'><subfield code='z'>Access Table of Contents.</subfield><subfield code='u'>http://www.loc.gov/catdir/toc/ecip054/2004028867.html</subfield></datafield><datafield ind1=' ' ind2=' ' tag='901'><subfield code='a'>BNA</subfield></datafield><datafield ind1=' ' ind2=' ' tag='901'><subfield code='a'>R0558624</subfield></datafield><datafield ind1=' ' ind2=' ' tag='902'><subfield code='a'>060301AB0701</subfield></datafield><datafield ind1=' ' ind2=' ' tag='907'><subfield code='a'>.b29938582</subfield><subfield code='b'>p    </subfield><subfield code='c'>-</subfield></datafield><datafield ind1=' ' ind2=' ' tag='945'><subfield code='l'>pstk </subfield><subfield code='g'>1</subfield></datafield><datafield ind1=' ' ind2=' ' tag='979'><subfield code='a'>ocm57202206</subfield></datafield><datafield ind1=' ' ind2=' ' tag='998'><subfield code='b'>0</subfield><subfield code='c'>060324</subfield><subfield code='d'>m</subfield><subfield code='e'>a</subfield><subfield code='f'>-</subfield><subfield code='g'>0</subfield></datafield><datafield ind1=' ' ind2=' ' tag='998'><subfield code='b'>0</subfield><subfield code='c'>060324</subfield><subfield code='d'>m</subfield><subfield code='e'>a</subfield><subfield code='f'>-</subfield><subfield code='g'>0</subfield></datafield><datafield ind1=' ' ind2=' ' tag='ADM'><subfield code='b'>2018-03-15 21:59:44</subfield><subfield code='e'>b29938582-01tuli_inst</subfield><subfield code='d'>ILS</subfield><subfield code='a'>2017-06-20 07:07:13</subfield><subfield code='c'>false</subfield></datafield><datafield ind1='0' ind2=' ' tag='HLD'><subfield code='b'>MAIN</subfield><subfield code='c'>stacks</subfield><subfield code='h'>PR2880.A1</subfield><subfield code='i'>W67 2005</subfield><subfield code='8'>22261222030003811</subfield></datafield><datafield ind1=' ' ind2=' ' tag='ITM'><subfield code='r'>22261222030003811</subfield><subfield code='b'>1</subfield><subfield code='h'>0</subfield><subfield code='g'>stacks</subfield><subfield code='t'>BOOK</subfield><subfield code='9'>39074018545012</subfield><subfield code='e'>stacks</subfield><subfield code='8'>23261222020003811</subfield><subfield code='a'>0</subfield><subfield code='q'>2017-06-20 07:07:13</subfield><subfield code='i'>PR2880.A1 W67 2005</subfield><subfield code='d'>MAIN</subfield><subfield code='f'>MAIN</subfield></datafield></record>