
  <record xmlns='http://www.loc.gov/MARC21/slim'><leader>03251nam a22004935i 4500</leader><controlfield tag='001'>991036801998803811</controlfield><controlfield tag='005'>20180322132956.0</controlfield><controlfield tag='007'>cr nn 008mamaa</controlfield><controlfield tag='008'>160720s2016    gw |    o    |||| 0|eng d</controlfield><datafield ind1=' ' ind2=' ' tag='020'><subfield code='a'>3-662-53008-2</subfield></datafield><datafield ind1='7' ind2=' ' tag='024'><subfield code='a'>10.1007/978-3-662-53008-5</subfield><subfield code='2'>doi</subfield></datafield><datafield ind1=' ' ind2=' ' tag='035'><subfield code='a'>(CKB)3710000000765285</subfield></datafield><datafield ind1=' ' ind2=' ' tag='035'><subfield code='a'>(DE-He213)978-3-662-53008-5</subfield></datafield><datafield ind1=' ' ind2=' ' tag='035'><subfield code='a'>(EXLCZ)993710000000765285</subfield></datafield><datafield ind1=' ' ind2='4' tag='050'><subfield code='a'>QA76.9.A25</subfield></datafield><datafield ind1=' ' ind2='7' tag='072'><subfield code='a'>URY</subfield><subfield code='2'>bicssc</subfield></datafield><datafield ind1=' ' ind2='7' tag='072'><subfield code='a'>COM053000</subfield><subfield code='2'>bisacsh</subfield></datafield><datafield ind1='0' ind2='4' tag='082'><subfield code='a'>005.82</subfield><subfield code='2'>23</subfield></datafield><datafield ind1='1' ind2='0' tag='245'><subfield code='a'>Advances in Cryptology – CRYPTO 2016</subfield><subfield code='h'>[electronic resource] :</subfield><subfield code='b'>36th Annual International Cryptology Conference, Santa Barbara, CA, USA, August 14-18, 2016, Proceedings, Part II /</subfield><subfield code='c'>edited by Matthew Robshaw, Jonathan Katz.</subfield></datafield><datafield ind1=' ' ind2='1' tag='264'><subfield code='a'>Berlin, Heidelberg :</subfield><subfield code='b'>Springer Berlin Heidelberg :</subfield><subfield code='b'>Imprint: Springer,</subfield><subfield code='c'>2016.</subfield></datafield><datafield ind1=' ' ind2=' ' tag='300'><subfield code='a'>1 online resource (XIII, 703 p. 94 illus.) </subfield></datafield><datafield ind1=' ' ind2=' ' tag='336'><subfield code='a'>text</subfield><subfield code='b'>txt</subfield><subfield code='2'>rdacontent</subfield></datafield><datafield ind1=' ' ind2=' ' tag='337'><subfield code='a'>computer</subfield><subfield code='b'>c</subfield><subfield code='2'>rdamedia</subfield></datafield><datafield ind1=' ' ind2=' ' tag='338'><subfield code='a'>online resource</subfield><subfield code='b'>cr</subfield><subfield code='2'>rdacarrier</subfield></datafield><datafield ind1=' ' ind2=' ' tag='347'><subfield code='a'>text file</subfield><subfield code='b'>PDF</subfield><subfield code='2'>rda</subfield></datafield><datafield ind1='1' ind2=' ' tag='490'><subfield code='a'>Lecture Notes in Computer Science,</subfield><subfield code='x'>0302-9743 ;</subfield><subfield code='v'>9815</subfield></datafield><datafield ind1='0' ind2=' ' tag='505'><subfield code='a'>Provable security for symmetric cryptography -- Asymmetric cryptography and cryptanalysis -- Cryptography in theory and practice -- Compromised systems -- Symmetric cryptanalysis -- Algorithmic number theory -- Symmetric primitives -- Asymmetric cryptography -- Symmetric cryptography -- Cryptanalytic tools -- Hardware-oriented cryptography -- Secure computation and protocols -- Obfuscation -- Quantum techniques -- Spooky encryption -- IBE, ABE, and functional encryption -- Automated tools and synthesis -- Zero knowledge -- Theory.</subfield></datafield><datafield ind1=' ' ind2=' ' tag='520'><subfield code='a'>The three volume-set, LNCS 9814, LNCS 9815, and LNCS 9816, constitutes the refereed proceedings of the 36th Annual International Cryptology Conference, CRYPTO 2016, held in Santa Barbara, CA, USA, in August 2016. The 70 revised full papers presented were carefully reviewed and selected from 274 submissions. The papers are organized in the following topical sections: provable security for symmetric cryptography; asymmetric cryptography and cryptanalysis; cryptography in theory and practice; compromised systems; symmetric cryptanalysis; algorithmic number theory; symmetric primitives; asymmetric cryptography; symmetric cryptography; cryptanalytic tools; hardware-oriented cryptography; secure computation and protocols; obfuscation; quantum techniques; spooky encryption; IBE, ABE, and functional encryption; automated tools and synthesis; zero knowledge; theory.</subfield></datafield><datafield ind1=' ' ind2='0' tag='650'><subfield code='a'>Computer science.</subfield></datafield><datafield ind1=' ' ind2='0' tag='650'><subfield code='a'>Computer security.</subfield></datafield><datafield ind1=' ' ind2='0' tag='650'><subfield code='a'>Data encryption (Computer science).</subfield></datafield><datafield ind1=' ' ind2='0' tag='650'><subfield code='a'>Algorithms.</subfield></datafield><datafield ind1=' ' ind2='0' tag='650'><subfield code='a'>Computer science</subfield><subfield code='x'>Mathematics.</subfield></datafield><datafield ind1=' ' ind2='0' tag='650'><subfield code='a'>Management information systems.</subfield></datafield><datafield ind1='1' ind2='4' tag='650'><subfield code='a'>Computer Science.</subfield></datafield><datafield ind1='2' ind2='4' tag='650'><subfield code='a'>Data Encryption.</subfield></datafield><datafield ind1='2' ind2='4' tag='650'><subfield code='a'>Systems and Data Security.</subfield></datafield><datafield ind1='2' ind2='4' tag='650'><subfield code='a'>Algorithm Analysis and Problem Complexity.</subfield></datafield><datafield ind1='2' ind2='4' tag='650'><subfield code='a'>Management of Computing and Information Systems.</subfield></datafield><datafield ind1='2' ind2='4' tag='650'><subfield code='a'>Discrete Mathematics in Computer Science.</subfield></datafield><datafield ind1=' ' ind2=' ' tag='776'><subfield code='z'>3-662-53007-4</subfield></datafield><datafield ind1='1' ind2=' ' tag='700'><subfield code='a'>Robshaw, Matthew.</subfield><subfield code='e'>editor.</subfield></datafield><datafield ind1='1' ind2=' ' tag='700'><subfield code='a'>Katz, Jonathan.</subfield><subfield code='e'>editor.</subfield></datafield><datafield ind1=' ' ind2='0' tag='830'><subfield code='a'>Lecture Notes in Computer Science,</subfield><subfield code='x'>0302-9743 ;</subfield><subfield code='v'>9815</subfield></datafield><datafield ind1=' ' ind2=' ' tag='906'><subfield code='a'>BOOK</subfield></datafield><datafield ind1=' ' ind2=' ' tag='ADM'><subfield code='b'>2018-03-24 01:14:36</subfield><subfield code='e'>993710000000765285</subfield><subfield code='d'>NON_SFX</subfield><subfield code='f'>20160720143846.0</subfield><subfield code='a'>2016-08-13 14:41:26</subfield><subfield code='c'>false</subfield></datafield><datafield ind1=' ' ind2=' ' tag='PRT'><subfield code='a'>53366890030003811</subfield><subfield code='b'>https://sandbox01-na.alma.exlibrisgroup.com/view/uresolver/01TULI_INST/openurl?u.ignore_date_coverage=true&amp;rft.mms_id=991036801998803811</subfield><subfield code='e'>Springer Link</subfield><subfield code='9'>Available</subfield><subfield code='c'>SpringerLink Books Complete</subfield><subfield code='h'>611000000000001381</subfield><subfield code='8'>53366890030003811</subfield></datafield></record>