
  <record xmlns='http://www.loc.gov/MARC21/slim'><leader>03253pam a22003974a 4500</leader><controlfield tag='005'>20180315193452.0</controlfield><controlfield tag='008'>070129s2007    nmuab    b   s001 0 eng  </controlfield><controlfield tag='001'>991024321049703811</controlfield><datafield ind1=' ' ind2=' ' tag='010'><subfield code='a'>2007002529</subfield></datafield><datafield ind1=' ' ind2=' ' tag='020'><subfield code='a'>9780826339782 (cloth : alk. paper)</subfield></datafield><datafield ind1=' ' ind2=' ' tag='020'><subfield code='a'>0826339786 (cloth : alk. paper)</subfield></datafield><datafield ind1=' ' ind2=' ' tag='035'><subfield code='a'>(PPT)b32734359-01tuli_inst</subfield></datafield><datafield ind1=' ' ind2=' ' tag='035'><subfield code='a'>(OCoLC)ocn491958260</subfield><subfield code='9'>ExL</subfield></datafield><datafield ind1=' ' ind2=' ' tag='035'><subfield code='a'>DLCOCM82470467</subfield></datafield><datafield ind1=' ' ind2=' ' tag='035'><subfield code='a'>ocm82470467</subfield></datafield><datafield ind1=' ' ind2=' ' tag='035'><subfield code='a'>(OCLC)ocm82470467</subfield></datafield><datafield ind1=' ' ind2=' ' tag='040'><subfield code='a'>DLC</subfield><subfield code='c'>DLC</subfield><subfield code='d'>BAKER</subfield><subfield code='d'>BTCTA</subfield><subfield code='d'>UKM</subfield><subfield code='d'>C#P</subfield></datafield><datafield ind1=' ' ind2=' ' tag='079'><subfield code='a'>ocm82470467</subfield></datafield><datafield ind1=' ' ind2=' ' tag='090'><subfield code='a'>BL2530.N49</subfield><subfield code='b'>R45 2007</subfield></datafield><datafield ind1='0' ind2='0' tag='245'><subfield code='a'>Religion in new Spain /</subfield><subfield code='c'>edited by Susan Schroeder and Stafford Poole.</subfield></datafield><datafield ind1=' ' ind2=' ' tag='260'><subfield code='a'>Albuquerque :</subfield><subfield code='b'>University of New Mexico Press,</subfield><subfield code='c'>2007.</subfield></datafield><datafield ind1=' ' ind2=' ' tag='300'><subfield code='a'>ix, 358 p. :</subfield><subfield code='b'>ill., maps ;</subfield><subfield code='c'>27 cm.</subfield></datafield><datafield ind1=' ' ind2=' ' tag='504'><subfield code='a'>Includes bibliographical references and indexes.</subfield></datafield><datafield ind1='0' ind2=' ' tag='505'><subfield code='a'>Encounters, accommodation, and outright idolatry -- The people of two hearts and the one God from Castile : ambivalent responses to Christianity in early colonial Oaxaca / Kevin Terraciano -- Tying the knot : Nahua nuptials in colonial central Mexico / Lisa Sousa -- Communal defiance, divided allegiances : Zapotec responses to idolatry extirpation campaigns in Oaxaca / David Tavárez -- Native sexuality and Christian morality -- Language of body and body as language : religious thought and cultural syncretism / Sonya Lipsett-Rivera -- Secrets behind the screen : solicitantes in the colonial diocese of Yucatan and the Yucatec Maya, 1570-1785 / John Chuchiak -- Believing in miracles -- &quot;Our Lord entered his body&quot; : miraculous healing and children&apos;s bodies in new Spain / Martha Few -- Canonizing a cult : a wonder-working Guadalupe in the seventeenth century / Jeanette Favrot Peterson -- Taking the veil and new realities -- Female visionaries and spirituality / Asunción Lavrin -- The indigenous nuns of Corpus Christi : race and spirituality / Mónica Díaz -- Guardian of the Christian society : the holy office of the Inquisition--racism, judaizing, and gambling -- Interrogating blood lines : &quot;purity of blood,&quot; the Inquisition, and casta categories / María Elena Martínez -- Between toleration and persecution : the relationship of the inquisition and Crypto-Jews on the northern frontier / Stanley M. Hordes -- On divine persecution : blasphemy and gambling / Javier Villa-Flores -- Music and martyrdom on the northern frontier -- Opus Dei--&quot;the work of God&quot; : Franciscan and Jesuit music / Kristin Dutcher Mann -- Martyrs and idols : performing ritual warfare on early missionary frontiers in the northwest / Maureen Ahern -- Tangential Christianity on other frontiers : business and politics as usual -- Priests and the provincial social order in Tlaxcala, 1650-1792 / James D. Riley -- Apostles of reform : local elites and patronato real in late colonial Chiapas / Michael A. Polushin.</subfield></datafield><datafield ind1=' ' ind2='0' tag='651'><subfield code='a'>New Spain</subfield><subfield code='x'>Religion.</subfield></datafield><datafield ind1=' ' ind2='0' tag='651'><subfield code='a'>New Spain</subfield><subfield code='x'>Religious life and customs.</subfield></datafield><datafield ind1='1' ind2=' ' tag='700'><subfield code='a'>Schroeder, Susan.</subfield></datafield><datafield ind1='1' ind2=' ' tag='700'><subfield code='a'>Poole, Stafford.</subfield></datafield><datafield ind1=' ' ind2=' ' tag='901'><subfield code='a'>BNA</subfield></datafield><datafield ind1=' ' ind2=' ' tag='901'><subfield code='a'>R2644465</subfield></datafield><datafield ind1=' ' ind2=' ' tag='902'><subfield code='a'>070530AB0701</subfield></datafield><datafield ind1=' ' ind2=' ' tag='907'><subfield code='a'>.b32734359</subfield><subfield code='b'>p    </subfield><subfield code='c'>-</subfield></datafield><datafield ind1=' ' ind2=' ' tag='945'><subfield code='l'>pstk </subfield><subfield code='g'>1</subfield></datafield><datafield ind1=' ' ind2=' ' tag='979'><subfield code='a'>ocm82470467</subfield></datafield><datafield ind1=' ' ind2=' ' tag='998'><subfield code='b'>0</subfield><subfield code='c'>070925</subfield><subfield code='d'>m</subfield><subfield code='e'>a</subfield><subfield code='f'>-</subfield><subfield code='g'>0</subfield></datafield><datafield ind1=' ' ind2=' ' tag='998'><subfield code='b'>0</subfield><subfield code='c'>070925</subfield><subfield code='d'>m</subfield><subfield code='e'>a</subfield><subfield code='f'>-</subfield><subfield code='g'>0</subfield></datafield><datafield ind1=' ' ind2=' ' tag='ADM'><subfield code='b'>2018-03-15 23:34:52</subfield><subfield code='e'>b32734359-01tuli_inst</subfield><subfield code='d'>ILS</subfield><subfield code='a'>2017-06-20 08:45:19</subfield><subfield code='c'>false</subfield></datafield><datafield ind1='0' ind2=' ' tag='HLD'><subfield code='b'>MAIN</subfield><subfield code='c'>stacks</subfield><subfield code='h'>BL2530.N49</subfield><subfield code='i'>R45 2007</subfield><subfield code='8'>22286225280003811</subfield></datafield><datafield ind1=' ' ind2=' ' tag='ITM'><subfield code='r'>22286225280003811</subfield><subfield code='b'>0</subfield><subfield code='u'>LOAN</subfield><subfield code='h'>0</subfield><subfield code='g'>stacks</subfield><subfield code='t'>BOOK</subfield><subfield code='9'>39074022951677</subfield><subfield code='e'>stacks</subfield><subfield code='8'>23286225270003811</subfield><subfield code='a'>0</subfield><subfield code='q'>2017-06-20 08:45:19</subfield><subfield code='i'>BL2530.N49 R45 2007</subfield><subfield code='d'>MAIN</subfield><subfield code='f'>MAIN</subfield></datafield></record>