
  <record xmlns='http://www.loc.gov/MARC21/slim'><leader>03290nam a22005414i 4500</leader><controlfield tag='005'>20140904030957.0</controlfield><controlfield tag='006'>m     o  d        </controlfield><controlfield tag='007'>cr cn|||||||||</controlfield><controlfield tag='008'>140903s1995    ncua    ob    001 0 eng d</controlfield><controlfield tag='001'>991012149849703811</controlfield><datafield ind1=' ' ind2=' ' tag='020'><subfield code='a'>9780822378129</subfield></datafield><datafield ind1=' ' ind2=' ' tag='020'><subfield code='a'>0822378124</subfield></datafield><datafield ind1=' ' ind2=' ' tag='020'><subfield code='z'>0822315599 (cloth : acid-free paper)</subfield></datafield><datafield ind1=' ' ind2=' ' tag='020'><subfield code='z'>9780822315599 (cloth : acid-free paper)</subfield></datafield><datafield ind1=' ' ind2=' ' tag='020'><subfield code='z'>082231570X (paper : acid-free paper)</subfield></datafield><datafield ind1=' ' ind2=' ' tag='020'><subfield code='z'>9780822315704 (paper : acid-free paper)</subfield></datafield><datafield ind1=' ' ind2=' ' tag='035'><subfield code='a'>(PPT)b58420526-01tuli_inst</subfield></datafield><datafield ind1=' ' ind2=' ' tag='035'><subfield code='a'>889876928</subfield></datafield><datafield ind1=' ' ind2=' ' tag='040'><subfield code='a'>NDD</subfield><subfield code='b'>eng</subfield><subfield code='e'>rda</subfield><subfield code='c'>NDD</subfield><subfield code='d'>NDD</subfield></datafield><datafield ind1=' ' ind2=' ' tag='043'><subfield code='a'>e-uk---</subfield></datafield><datafield ind1=' ' ind2=' ' tag='090'><subfield code='a'>PR868.J4</subfield><subfield code='b'>R34 1995eb</subfield></datafield><datafield ind1='1' ind2=' ' tag='100'><subfield code='a'>Ragussis, Michael.</subfield></datafield><datafield ind1='1' ind2='0' tag='245'><subfield code='a'>Figures of conversion</subfield><subfield code='h'>[electronic resource] :</subfield><subfield code='b'>&quot;the Jewish Question&quot; &amp; English  national identity /</subfield><subfield code='c'>Michael Ragussis.</subfield></datafield><datafield ind1=' ' ind2='1' tag='264'><subfield code='a'>Durham :</subfield><subfield code='b'>Duke University Press,</subfield><subfield code='c'>1995.</subfield></datafield><datafield ind1=' ' ind2=' ' tag='300'><subfield code='a'>1 online resource (vi, 340 pages) :</subfield><subfield code='b'>illustrations</subfield></datafield><datafield ind1=' ' ind2=' ' tag='336'><subfield code='a'>text</subfield><subfield code='2'>rdacontent</subfield></datafield><datafield ind1=' ' ind2=' ' tag='337'><subfield code='a'>computer</subfield><subfield code='2'>rdamedia</subfield></datafield><datafield ind1=' ' ind2=' ' tag='338'><subfield code='a'>online resource</subfield><subfield code='2'>rdacarrier</subfield></datafield><datafield ind1='1' ind2=' ' tag='490'><subfield code='a'>Post-contemporary interventions</subfield></datafield><datafield ind1=' ' ind2=' ' tag='504'><subfield code='a'>Includes bibliographical references (pages [301]-332) and index.</subfield></datafield><datafield ind1='0' ind2='0' tag='505'><subfield code='g'>1.</subfield><subfield code='t'>The culture of conversions:</subfield><subfield code='t'>&quot;The English madness&quot; or &quot;This mania of conversion&quot; --</subfield><subfield code='t'>History, memoir, novel: &quot;My own darling Jew, Jesus Christ loves you&quot; --</subfield><subfield code='g'>2.</subfield><subfield code='t'>Writing English comedy: &quot;patronizing Shylock&quot;:</subfield><subfield code='t'>The primal scene and the return of the repressed in Harrington --</subfield><subfield code='t'>Figurative conversion, from the church fathers to Freud --</subfield><subfield code='g'>3.</subfield><subfield code='t'>Writing English history: nationalism and national guilt:</subfield><subfield code='t'>Apostasy, conversion, and genocide in Ivanhoe --</subfield><subfield code='t'>The emergence of Anglo-Jewish history --</subfield><subfield code='g'>4.</subfield><subfield code='t'>Writing Spanish history: the Inquisition and &quot;the secret race&quot;:</subfield><subfield code='t'>Daughter and father(land) --</subfield><subfield code='t'>Conquest and conversion: Moors, Indians, Jews --</subfield><subfield code='g'>5.</subfield><subfield code='t'>Israel in England: English culture and &quot;the Hebrew Premier&quot;:</subfield><subfield code='t'>Disraeli and Crypto-Judaism --</subfield><subfield code='t'>Arnold&apos;s Hebraism and the &quot;science of origins&quot; --</subfield><subfield code='g'>6.</subfield><subfield code='t'>Moses in Egypt: the secret Jew in England:</subfield><subfield code='t'>&quot; Despoiling the Egyptians&quot;: Trollope&apos;s Jewish criminals --</subfield><subfield code='t'>&quot;An accomplished Egyptian&quot;: Eliot&apos;s English gentleman.</subfield></datafield><datafield ind1=' ' ind2=' ' tag='588'><subfield code='a'>Description based on print version record.</subfield></datafield><datafield ind1=' ' ind2=' ' tag='590'><subfield code='a'>Access is available to the Temple Community through use of a networked computer with a Temple IP address.</subfield></datafield><datafield ind1=' ' ind2='0' tag='650'><subfield code='a'>English fiction</subfield><subfield code='y'>19th century</subfield><subfield code='x'>History and criticism.</subfield></datafield><datafield ind1=' ' ind2='0' tag='650'><subfield code='a'>Jews</subfield><subfield code='x'>Conversion to Christianity</subfield><subfield code='z'>Great Britain</subfield><subfield code='x'>History</subfield><subfield code='y'>19th century.</subfield></datafield><datafield ind1=' ' ind2='0' tag='650'><subfield code='a'>National characteristics, English, in literature.</subfield></datafield><datafield ind1=' ' ind2='0' tag='650'><subfield code='a'>Christianity and other religions in literature.</subfield></datafield><datafield ind1=' ' ind2='0' tag='650'><subfield code='a'>Group identity in literature.</subfield></datafield><datafield ind1=' ' ind2='0' tag='650'><subfield code='a'>Jews in literature.</subfield></datafield><datafield ind1=' ' ind2='0' tag='655'><subfield code='a'>Electronic books.</subfield></datafield><datafield ind1='2' ind2=' ' tag='710'><subfield code='a'>e-Duke books scholarly collection.</subfield></datafield><datafield ind1='0' ind2='8' tag='776'><subfield code='i'>Print version:</subfield><subfield code='a'>Ragussis, Michael.</subfield><subfield code='t'>Figures of conversion.</subfield><subfield code='d'>Durham : Duke University Press, 1995</subfield><subfield code='z'>0822315599</subfield><subfield code='z'>9780822315599</subfield><subfield code='z'>082231570X</subfield><subfield code='z'>9780822315704</subfield><subfield code='w'>(DLC)   94038191</subfield><subfield code='w'>(OCoLC)31241080</subfield></datafield><datafield ind1=' ' ind2='0' tag='830'><subfield code='a'>Post-contemporary interventions.</subfield></datafield><datafield ind1='4' ind2='0' tag='856'><subfield code='z'>Access full text online.</subfield><subfield code='u'>http://libproxy.temple.edu/login?url=http://dx.doi.org/10.1215/9780822378129</subfield></datafield><datafield ind1=' ' ind2=' ' tag='907'><subfield code='a'>.b58420526</subfield><subfield code='b'>w    </subfield><subfield code='c'>-</subfield></datafield><datafield ind1=' ' ind2=' ' tag='902'><subfield code='a'>151007</subfield></datafield><datafield ind1=' ' ind2=' ' tag='998'><subfield code='b'>1</subfield><subfield code='c'>151010</subfield><subfield code='d'>m</subfield><subfield code='e'>@</subfield><subfield code='f'>-</subfield><subfield code='g'>0</subfield></datafield><datafield ind1=' ' ind2=' ' tag='902'><subfield code='a'>e-Duke books scholarly collection 2015-10-07</subfield></datafield><datafield ind1=' ' ind2=' ' tag='945'><subfield code='l'>w    </subfield><subfield code='g'>1</subfield></datafield><datafield ind1=' ' ind2=' ' tag='ADM'><subfield code='e'>b58420526-01tuli_inst</subfield><subfield code='d'>ILS</subfield><subfield code='a'>2017-06-20 11:08:42</subfield><subfield code='c'>false</subfield></datafield><datafield ind1=' ' ind2=' ' tag='PRT'><subfield code='a'>53384112180003811</subfield><subfield code='b'>https://sandbox01-na.alma.exlibrisgroup.com/view/uresolver/01TULI_INST/openurl?u.ignore_date_coverage=true&amp;rft.mms_id=991012149849703811</subfield><subfield code='f'>Access full text online.</subfield><subfield code='9'>Available</subfield><subfield code='d'>MAIN</subfield><subfield code='8'>53384112180003811</subfield></datafield></record>