
  <record xmlns='http://www.loc.gov/MARC21/slim'><leader>03361cam a2200565Ia 4500</leader><controlfield tag='005'>20150320071010.2</controlfield><controlfield tag='006'>m     o  d        </controlfield><controlfield tag='007'>cr cn|||||||||</controlfield><controlfield tag='008'>110818s2011    gw a    ob    101 0 eng d</controlfield><controlfield tag='001'>991026974219703811</controlfield><datafield ind1=' ' ind2=' ' tag='020'><subfield code='a'>9783642227929 (electronic bk.)</subfield></datafield><datafield ind1=' ' ind2=' ' tag='020'><subfield code='a'>3642227929 (electronic bk.)</subfield></datafield><datafield ind1=' ' ind2=' ' tag='020'><subfield code='z'>9783642227912 (soft cover : alk. paper)</subfield></datafield><datafield ind1=' ' ind2=' ' tag='020'><subfield code='z'>3642227910 (soft cover : alk. paper)</subfield></datafield><datafield ind1=' ' ind2=' ' tag='035'><subfield code='a'>(PPT)b51368948-01tuli_inst</subfield></datafield><datafield ind1=' ' ind2=' ' tag='035'><subfield code='a'>(OCoLC)747105630</subfield></datafield><datafield ind1=' ' ind2=' ' tag='040'><subfield code='a'>GW5XE</subfield><subfield code='b'>eng</subfield><subfield code='c'>GW5XE</subfield><subfield code='d'>OCLCQ</subfield><subfield code='d'>C$Q</subfield><subfield code='d'>CUS</subfield><subfield code='d'>E7B</subfield><subfield code='d'>UKMGB</subfield><subfield code='d'>OCLCQ</subfield><subfield code='d'>OCLCF</subfield><subfield code='d'>BEDGE</subfield><subfield code='d'>OCLCO</subfield><subfield code='d'>COO</subfield><subfield code='d'>A7U</subfield><subfield code='d'>YDXCP</subfield></datafield><datafield ind1=' ' ind2=' ' tag='049'><subfield code='a'>TEUU</subfield></datafield><datafield ind1=' ' ind2=' ' tag='090'><subfield code='a'>QA76.9.A25</subfield><subfield code='b'>C79 2011</subfield></datafield><datafield ind1='2' ind2=' ' tag='111'><subfield code='a'>CRYPTO (Conference)</subfield><subfield code='n'>(31st :</subfield><subfield code='d'>2011 :</subfield><subfield code='c'>Santa Barbara, Calif.)</subfield></datafield><datafield ind1='1' ind2='0' tag='245'><subfield code='a'>Advances in cryptology-- CRYPTO 2011</subfield><subfield code='h'>[electronic resource] :</subfield><subfield code='b'>31st Annual Cryptology Conference, Santa Barbara, CA, USA, August 14-18, 2011 : proceedings /</subfield><subfield code='c'>Phillip Rogaway (ed.).</subfield></datafield><datafield ind1='3' ind2='0' tag='246'><subfield code='a'>CRYPTO 2011</subfield></datafield><datafield ind1=' ' ind2=' ' tag='260'><subfield code='a'>Heidelberg ;</subfield><subfield code='a'>New York :</subfield><subfield code='b'>Springer,</subfield><subfield code='c'>c2011.</subfield></datafield><datafield ind1=' ' ind2=' ' tag='300'><subfield code='a'>1 online resource (xv, 782 p.)</subfield></datafield><datafield ind1='1' ind2=' ' tag='490'><subfield code='a'>Lecture notes in computer science,</subfield><subfield code='x'>0302-9743 ;</subfield><subfield code='v'>6841</subfield></datafield><datafield ind1='1' ind2=' ' tag='490'><subfield code='a'>LNCS sublibrary. SL 4, Security and cryptology</subfield></datafield><datafield ind1=' ' ind2=' ' tag='500'><subfield code='a'>International conference proceedings.</subfield></datafield><datafield ind1=' ' ind2=' ' tag='504'><subfield code='a'>Includes bibliographical references and author index.</subfield></datafield><datafield ind1=' ' ind2=' ' tag='588'><subfield code='a'>Description based on print version record.</subfield></datafield><datafield ind1=' ' ind2=' ' tag='520'><subfield code='a'>This book constitutes the refereed proceedings of the 31st Annual International Cryptology Conference, CRYPTO 2011, held in Santa Barbara, CA, USA in August 2011. The 42 revised full papers presented were carefully reviewed and selected from 230 submissions. The volume also contains the abstract of one invited talk. The papers are organized in topical sections on randomness and its use; computer-assisted cryptographic proofs; outsourcing and delegatin computation; symmetric cryptanalysis and constructions; secure computation: leakage and side channels; quantum cryptography; lattices and knapsacks; public-key encryption; symmetric schemes; signatures; obilvious transfer and secret sharing; and multivariate and coding-based schemes.</subfield></datafield><datafield ind1=' ' ind2=' ' tag='590'><subfield code='a'>Access is available to the Temple Community through use of a networked computer with a Temple IP address.</subfield></datafield><datafield ind1=' ' ind2='0' tag='650'><subfield code='a'>Data encryption (Computer science)</subfield><subfield code='v'>Congresses.</subfield></datafield><datafield ind1=' ' ind2='0' tag='650'><subfield code='a'>Cryptography</subfield><subfield code='v'>Congresses.</subfield></datafield><datafield ind1=' ' ind2='7' tag='650'><subfield code='a'>Cryptography.</subfield><subfield code='2'>fast</subfield><subfield code='0'>(OCoLC)fst00884552</subfield></datafield><datafield ind1=' ' ind2='7' tag='650'><subfield code='a'>Data encryption (Computer science)</subfield><subfield code='2'>fast</subfield><subfield code='0'>(OCoLC)fst00887935</subfield></datafield><datafield ind1=' ' ind2='7' tag='650'><subfield code='a'>Informatique.</subfield><subfield code='2'>eclas</subfield></datafield><datafield ind1=' ' ind2='4' tag='655'><subfield code='a'>Electronic books.</subfield></datafield><datafield ind1=' ' ind2='7' tag='655'><subfield code='a'>Conference proceedings.</subfield><subfield code='2'>fast</subfield><subfield code='0'>(OCoLC)fst01423772</subfield></datafield><datafield ind1=' ' ind2='7' tag='655'><subfield code='a'>Electronic books.</subfield><subfield code='2'>local</subfield></datafield><datafield ind1='1' ind2=' ' tag='700'><subfield code='a'>Rogaway, Phillip.</subfield></datafield><datafield ind1='2' ind2=' ' tag='710'><subfield code='a'>SpringerLink (Online service)</subfield></datafield><datafield ind1='0' ind2='8' tag='776'><subfield code='i'>Print version:</subfield><subfield code='a'>CRYPTO (Conference) (31st : 2011 : Santa Barbara, Calif.).</subfield><subfield code='t'>Advances in cryptology-- CRYPTO 2011.</subfield><subfield code='d'>Heidelberg ; New York : Springer, c2011</subfield><subfield code='z'>9783642227929</subfield><subfield code='w'>(DLC)  2011932695</subfield><subfield code='w'>(OCoLC)747105630</subfield></datafield><datafield ind1=' ' ind2='0' tag='830'><subfield code='a'>Lecture notes in computer science ;</subfield><subfield code='v'>6841.</subfield><subfield code='x'>0302-9743</subfield></datafield><datafield ind1=' ' ind2='0' tag='830'><subfield code='a'>LNCS sublibrary.</subfield><subfield code='n'>SL 4,</subfield><subfield code='p'>Security and cryptology.</subfield></datafield><datafield ind1='4' ind2='0' tag='856'><subfield code='z'>Access full text online.</subfield><subfield code='u'>http://libproxy.temple.edu/login?url=http://link.springer.com/10.1007/978-3-642-22792-9</subfield></datafield><datafield ind1=' ' ind2=' ' tag='907'><subfield code='a'>.b51368948</subfield><subfield code='b'>w    </subfield><subfield code='c'>-</subfield></datafield><datafield ind1=' ' ind2=' ' tag='902'><subfield code='a'>170601</subfield></datafield><datafield ind1=' ' ind2=' ' tag='998'><subfield code='b'>0</subfield><subfield code='c'>120303</subfield><subfield code='d'>m</subfield><subfield code='e'>@</subfield><subfield code='f'>-</subfield><subfield code='g'>0</subfield></datafield><datafield ind1=' ' ind2=' ' tag='902'><subfield code='a'>SpringerLink 2015-09-30</subfield></datafield><datafield ind1=' ' ind2=' ' tag='945'><subfield code='l'>w    </subfield><subfield code='g'>1</subfield></datafield><datafield ind1=' ' ind2=' ' tag='ADM'><subfield code='e'>b51368948-01tuli_inst</subfield><subfield code='d'>ILS</subfield><subfield code='a'>2017-06-20 11:26:51</subfield><subfield code='c'>false</subfield></datafield><datafield ind1=' ' ind2=' ' tag='PRT'><subfield code='a'>53377950010003811</subfield><subfield code='b'>https://sandbox01-na.alma.exlibrisgroup.com/view/uresolver/01TULI_INST/openurl?u.ignore_date_coverage=true&amp;rft.mms_id=991026974219703811</subfield><subfield code='f'>Access full text online.</subfield><subfield code='9'>Available</subfield><subfield code='d'>MAIN</subfield><subfield code='c'>SpringerLink Ebooks</subfield><subfield code='8'>53377950010003811</subfield></datafield></record>