
  <record xmlns='http://www.loc.gov/MARC21/slim'><leader>03427cam a2200433 a 4500</leader><controlfield tag='005'>20180315193511.0</controlfield><controlfield tag='008'>070723s2007    ne a     b    001 0 eng  </controlfield><controlfield tag='001'>991024426889703811</controlfield><datafield ind1=' ' ind2=' ' tag='010'><subfield code='a'>2007277271</subfield></datafield><datafield ind1=' ' ind2=' ' tag='020'><subfield code='a'>9789004158221 (pbk. : alk.paper)</subfield></datafield><datafield ind1=' ' ind2=' ' tag='020'><subfield code='a'>9004158227 (pbk. : alk. paper)</subfield></datafield><datafield ind1=' ' ind2=' ' tag='035'><subfield code='a'>(PPT)b32761922-01tuli_inst</subfield></datafield><datafield ind1=' ' ind2=' ' tag='035'><subfield code='a'>(OCoLC)ocn491969198</subfield><subfield code='9'>ExL</subfield></datafield><datafield ind1=' ' ind2=' ' tag='035'><subfield code='a'>(OCoLC)85898554</subfield></datafield><datafield ind1=' ' ind2=' ' tag='035'><subfield code='a'>85898554</subfield></datafield><datafield ind1=' ' ind2=' ' tag='035'><subfield code='a'>ocm85898554</subfield></datafield><datafield ind1=' ' ind2=' ' tag='035'><subfield code='a'>(OCLC)ocm85898554</subfield></datafield><datafield ind1=' ' ind2=' ' tag='040'><subfield code='a'>UKM</subfield><subfield code='c'>UKM</subfield><subfield code='d'>DLC</subfield><subfield code='d'>BAKER</subfield><subfield code='d'>BTCTA</subfield><subfield code='d'>YDXCP</subfield><subfield code='d'>OHX</subfield><subfield code='d'>IXA</subfield><subfield code='d'>GHS</subfield><subfield code='d'>NLGGC</subfield></datafield><datafield ind1=' ' ind2=' ' tag='042'><subfield code='a'>lccopycat</subfield></datafield><datafield ind1=' ' ind2=' ' tag='079'><subfield code='a'>ocm85898554</subfield></datafield><datafield ind1=' ' ind2=' ' tag='090'><subfield code='a'>BL639</subfield><subfield code='b'>.C66 2007</subfield></datafield><datafield ind1='0' ind2='0' tag='245'><subfield code='a'>Converting cultures :</subfield><subfield code='b'>religion, ideology, and transformations of modernity /</subfield><subfield code='c'>edited by Dennis Washburn and A. Kevin Reinhart.</subfield></datafield><datafield ind1=' ' ind2=' ' tag='260'><subfield code='a'>Leiden ;</subfield><subfield code='a'>Boston :</subfield><subfield code='b'>Brill ;</subfield><subfield code='a'>Biggleswade :</subfield><subfield code='b'>Extenza Turpin [distributor],</subfield><subfield code='c'>2007.</subfield></datafield><datafield ind1=' ' ind2=' ' tag='300'><subfield code='a'>xxii, 507 p. :</subfield><subfield code='b'>ill. ;</subfield><subfield code='c'>24 cm.</subfield></datafield><datafield ind1=' ' ind2='0' tag='440'><subfield code='a'>Social sciences in Asia,</subfield><subfield code='x'>1567-2794 ;</subfield><subfield code='v'>14.</subfield></datafield><datafield ind1=' ' ind2=' ' tag='504'><subfield code='a'>Includes bibliographical references and index.</subfield></datafield><datafield ind1='0' ind2='0' tag='505'><subfield code='t'>Crisis of &quot;conversion&quot; and search for national doctrine in early Meiji Japan /</subfield><subfield code='r'>Trent Maxey --</subfield><subfield code='t'>Civic faith and hybrid ritual in nationalist China /</subfield><subfield code='r'>Rebecca Nedostup --</subfield><subfield code='t'>Atmosphere of conversion in interwar Japan /</subfield><subfield code='r'>Alan Tansman --</subfield><subfield code='t'>Adamant and treacherous: Serbian historians on religious conversions /</subfield><subfield code='r'>Bojan Aleksov --</subfield><subfield code='t'>Gender, conversion, and social transformation: the American discourse of domesticity and the origins of the Bulgarian women&apos;s movement, 1857-1876 /</subfield><subfield code='r'>Barbara Reeves-Ellington --</subfield><subfield code='t'>Secular conversion as a Turkish revolutionary project in the 1930s /</subfield><subfield code='r'>Ertan Aydin --</subfield><subfield code='t'>Some consideration on the building of an Ottoman public identity in the nineteenth century /</subfield><subfield code='r'>Şerif Mardin --</subfield><subfield code='t'>Science without conscience: Unno Jūza and tenkō of convenience /</subfield><subfield code='r'>Sari Kawana --</subfield><subfield code='t'>Charismatic entrepreneurship and conversion: Oomoto proselytization, 1916-1935 /</subfield><subfield code='r'>Nancy Stalker --</subfield><subfield code='t'>Translation and conversion beyond western modernity: Tolstoian religion in Meiji Japan /</subfield><subfield code='r'>Sho Konishi --</subfield><subfield code='t'>Civilization and its discussants: Medeniyet and the Turkish conversion to modernism /</subfield><subfield code='r'>A. Kevin Reinhart --</subfield><subfield code='t'>Double bind of race and religion: the conversion of the Dönme to Turkish secular nationalism /</subfield><subfield code='r'>Marc Baer --</subfield><subfield code='t'>Body as the locus of religious identity: examples from western India /</subfield><subfield code='r'>James W. Laine --</subfield><subfield code='t'>Poetics of conversion and the problem of translation in Endō Shūsaku&apos;s Silence /</subfield><subfield code='r'>Dennis Washburn --</subfield><subfield code='t'>&quot;Mass movements&quot; in south India, 1877-1936 /</subfield><subfield code='r'>Eliza E. Kent --</subfield><subfield code='t'>From morals to melancholy: how a Japanese critic rejected Bakin and learned to love Shakespeare /</subfield><subfield code='r'>Patrick Caddeau --</subfield><subfield code='t'>Hidden believers, hidden apostates: the phenomenon of crypto-Jews and crypto-Christians in the Middle East /</subfield><subfield code='r'>Maurus Reinkowski --</subfield><subfield code='t'>True believers? Agency and sincerity in representations of &quot;mass movement&quot; converts in 1930s India /</subfield><subfield code='r'>Laura Dudley Jenkins --</subfield><subfield code='t'>From ideological literature to a literary ideology: &quot;conversion&quot; in wartime Japan /</subfield><subfield code='r'>James Dorsey.</subfield></datafield><datafield ind1=' ' ind2='0' tag='650'><subfield code='a'>Conversion.</subfield></datafield><datafield ind1=' ' ind2='0' tag='650'><subfield code='a'>Secularism.</subfield></datafield><datafield ind1=' ' ind2='0' tag='650'><subfield code='a'>Religion.</subfield></datafield><datafield ind1=' ' ind2='0' tag='650'><subfield code='a'>Irreligion.</subfield></datafield><datafield ind1=' ' ind2='0' tag='650'><subfield code='a'>Religion and state.</subfield></datafield><datafield ind1='1' ind2=' ' tag='700'><subfield code='a'>Washburn, Dennis C.</subfield><subfield code='q'>(Dennis Charles),</subfield><subfield code='d'>1954-</subfield></datafield><datafield ind1='1' ind2=' ' tag='700'><subfield code='a'>Reinhart, A. Kevin,</subfield><subfield code='d'>1952-</subfield></datafield><datafield ind1=' ' ind2=' ' tag='907'><subfield code='a'>.b32761922</subfield><subfield code='b'>p    </subfield><subfield code='c'>-</subfield></datafield><datafield ind1=' ' ind2=' ' tag='945'><subfield code='l'>pstk </subfield><subfield code='g'>1</subfield></datafield><datafield ind1=' ' ind2=' ' tag='979'><subfield code='a'>ocm85898554</subfield></datafield><datafield ind1=' ' ind2=' ' tag='998'><subfield code='b'>0</subfield><subfield code='c'>080310</subfield><subfield code='d'>m</subfield><subfield code='e'>a</subfield><subfield code='f'>-</subfield><subfield code='g'>0</subfield></datafield><datafield ind1=' ' ind2=' ' tag='998'><subfield code='a'>03/10/08</subfield><subfield code='s'>LC</subfield><subfield code='c'>RM</subfield></datafield><datafield ind1=' ' ind2=' ' tag='ADM'><subfield code='b'>2018-03-15 23:35:11</subfield><subfield code='e'>b32761922-01tuli_inst</subfield><subfield code='d'>ILS</subfield><subfield code='a'>2017-06-20 14:22:54</subfield><subfield code='c'>false</subfield></datafield><datafield ind1='0' ind2=' ' tag='HLD'><subfield code='b'>MAIN</subfield><subfield code='c'>stacks</subfield><subfield code='h'>BL639</subfield><subfield code='i'>.C66 2007</subfield><subfield code='8'>22331212830003811</subfield></datafield><datafield ind1=' ' ind2=' ' tag='ITM'><subfield code='r'>22331212830003811</subfield><subfield code='b'>1</subfield><subfield code='h'>0</subfield><subfield code='g'>stacks</subfield><subfield code='t'>BOOK</subfield><subfield code='9'>39074023702095</subfield><subfield code='e'>stacks</subfield><subfield code='8'>23331212820003811</subfield><subfield code='a'>0</subfield><subfield code='q'>2017-06-20 14:22:54</subfield><subfield code='i'>BL639 .C66 2007</subfield><subfield code='d'>MAIN</subfield><subfield code='f'>MAIN</subfield></datafield></record>