
  <record xmlns='http://www.loc.gov/MARC21/slim'><leader>03774nam a22005053u 4500</leader><controlfield tag='001'>991036813588303811</controlfield><controlfield tag='005'>20170816120625.0</controlfield><controlfield tag='006'>m        d        </controlfield><controlfield tag='007'>cr -n---------</controlfield><controlfield tag='008'>130418s2011|||||||     s|||||||||||eng|d</controlfield><datafield ind1=' ' ind2=' ' tag='020'><subfield code='a'>0-7734-1718-4</subfield></datafield><datafield ind1=' ' ind2=' ' tag='035'><subfield code='a'>(CKB)2670000000269107</subfield></datafield><datafield ind1=' ' ind2=' ' tag='035'><subfield code='a'>(EBL)1044198</subfield></datafield><datafield ind1=' ' ind2=' ' tag='035'><subfield code='a'>(OCoLC)818112066</subfield></datafield><datafield ind1=' ' ind2=' ' tag='035'><subfield code='a'>(SSID)ssj0000758795</subfield></datafield><datafield ind1=' ' ind2=' ' tag='035'><subfield code='a'>(PQKBManifestationID)12352864</subfield></datafield><datafield ind1=' ' ind2=' ' tag='035'><subfield code='a'>(PQKBTitleCode)TC0000758795</subfield></datafield><datafield ind1=' ' ind2=' ' tag='035'><subfield code='a'>(PQKBWorkID)10781653</subfield></datafield><datafield ind1=' ' ind2=' ' tag='035'><subfield code='a'>(PQKB)10774713</subfield></datafield><datafield ind1=' ' ind2=' ' tag='035'><subfield code='a'>(EXLCZ)992670000000269107</subfield></datafield><datafield ind1=' ' ind2=' ' tag='040'><subfield code='a'>AU-PeEL</subfield><subfield code='b'>eng</subfield><subfield code='c'>AU-PeEL</subfield><subfield code='d'>AU-PeEL</subfield></datafield><datafield ind1=' ' ind2=' ' tag='041'><subfield code='a'>eng</subfield></datafield><datafield ind1=' ' ind2='4' tag='050'><subfield code='a'>PR2900 .M8513 2011</subfield></datafield><datafield ind1='0' ind2='0' tag='082'><subfield code='a'>822.3/3</subfield><subfield code='a'>822.33</subfield></datafield><datafield ind1='1' ind2=' ' tag='100'><subfield code='a'>Muller, Ghislain.</subfield></datafield><datafield ind1='1' ind2='0' tag='245'><subfield code='a'>Was Shakespeare a Jew?</subfield><subfield code='h'>[electronic resource] :</subfield><subfield code='b'>Uncovering the Marrano influences in His Life and Writing</subfield></datafield><datafield ind1=' ' ind2=' ' tag='246'><subfield code='a'>Was Shakespeare a Jew? </subfield></datafield><datafield ind1=' ' ind2=' ' tag='260'><subfield code='a'>Lewiston :</subfield><subfield code='b'>The Edwin Mellen Press,</subfield><subfield code='c'>2011.</subfield></datafield><datafield ind1=' ' ind2=' ' tag='300'><subfield code='a'>1 online resource (362 p.)</subfield></datafield><datafield ind1=' ' ind2=' ' tag='336'><subfield code='a'>text</subfield><subfield code='b'>txt</subfield></datafield><datafield ind1=' ' ind2=' ' tag='337'><subfield code='a'>computer</subfield><subfield code='b'>c</subfield></datafield><datafield ind1=' ' ind2=' ' tag='338'><subfield code='a'>online resource</subfield><subfield code='b'>cr</subfield></datafield><datafield ind1=' ' ind2=' ' tag='500'><subfield code='a'>Description based upon print version of record.</subfield></datafield><datafield ind1='0' ind2=' ' tag='505'><subfield code='a'>WAS SHAKESPEARE A JEW?: Uncovering the Marrano Influences in His Life and Writing; Copyright Page; Dedication; Table of Contents; List of Illustrations; Foreword; Acknowledgements; Introduction; Chapter 1: The Mysteries around William Shakespeare; Chapter 2: The Position of Judaism in the 16th Century; Chapter 3: Shakespeare&apos;s Family; Chapter 4: The Education of William Shakespeare; Chapter 5: William Shakespeare&apos;s Professional Activities; Illustrations; Expulsion of the Jews Between 1000 and 1500; Shakespeare&apos;s Arms and Moto; Shakespeare the Player, by Garter</subfield></datafield><datafield ind1='8' ind2=' ' tag='505'><subfield code='a'>6 Known Signatures of William ShakespeareArms of the Bassano Family; Detail of the Bassano Coat-of-Arms; The Learned Pig; Droeshout Engraving in the First Folio-1623; The Marshall Engraving; Portrait of Shakespeare by Zucchero; Jansen Portrait of Shakespeare by Richard Earlom, 1610; The Kesselstadt, Funeral Mask of Shakespeare; Edward Alleyn, Actor; Portrait of Simon Forman; Portrait of Ben Jonson; Portrait of Mary Fitton; Dugdale&apos;s Sketch of the Shakespeare&apos;s Monument, 1634; Enlargement of the Dugdale&apos;s Sketch; Bust of William Shakespeare by Wenceslaus Hollar; Detail of the Hollar engraving</subfield></datafield><datafield ind1='8' ind2=' ' tag='505'><subfield code='a'>Shakespeare&apos;s Bust by Charles GrignonShakespeare&apos;s Bust by George Vertue; Shakespeare&apos;s Bust in 1916; Chapter 6: William Shakespeare and Recognition by the Literary World; Chapter 7: The Public Personality of William Shakespeare; Chapter 8: The Name of Shakespeare; Chapter 9: New Place; Chapter 10: William Shakespeare&apos;s Physical Appearance; Chapter 11: Shakespeare&apos;s Relationships; Chapter 12: Shakespeare&apos;s Legacy; Conclusion; Chronology; Bibliography; Index</subfield></datafield><datafield ind1=' ' ind2=' ' tag='520'><subfield code='a'>This biography of Shakespeare presents a new perspective on the debate surrounding the real identity of William Shakespeare. Muller suggests that Shakespeare was a crypto-Jew who took care to hide his Jewish origins and that Elizabethan authorities, who were aware of this fact, attempted to eliminate any trace of his Jewish origins by making him an Anglo-Saxon hero. Using official documents that have not been employed by other scholars, Muller brings forth evidence that Shakespeare&apos;s father was a Jew living in an England where Jews had been banned since the time of Edward I and the Act of Expu</subfield></datafield><datafield ind1=' ' ind2=' ' tag='546'><subfield code='a'>English</subfield></datafield><datafield ind1=' ' ind2='4' tag='650'><subfield code='a'>Shakespeare, William, 1564-1616 -- Authorship.</subfield></datafield><datafield ind1=' ' ind2='4' tag='650'><subfield code='a'>Shakespeare, William, 1564-1616 -- Criticism and interpretation.</subfield></datafield><datafield ind1=' ' ind2='0' tag='655'><subfield code='a'>Electronic books.</subfield></datafield><datafield ind1=' ' ind2='7' tag='650'><subfield code='a'>English</subfield><subfield code='2'>HILCC</subfield></datafield><datafield ind1=' ' ind2='7' tag='650'><subfield code='a'>Languages &amp; Literatures</subfield><subfield code='2'>HILCC</subfield></datafield><datafield ind1=' ' ind2='7' tag='650'><subfield code='a'>English Literature</subfield><subfield code='2'>HILCC</subfield></datafield><datafield ind1=' ' ind2=' ' tag='776'><subfield code='z'>0-7734-3939-0</subfield></datafield><datafield ind1=' ' ind2=' ' tag='906'><subfield code='a'>BOOK</subfield></datafield><datafield ind1=' ' ind2=' ' tag='ADM'><subfield code='b'>2017-08-21 16:00:20</subfield><subfield code='e'>(CKB)2670000000269107</subfield><subfield code='d'>PQNKB</subfield><subfield code='f'>20160803134623.0</subfield><subfield code='a'>2012-11-25 07:33:06</subfield><subfield code='c'>false</subfield></datafield><datafield ind1=' ' ind2=' ' tag='PRT'><subfield code='a'>53392543450003811</subfield><subfield code='b'>https://sandbox01-na.alma.exlibrisgroup.com/view/uresolver/01TULI_INST/openurl?u.ignore_date_coverage=true&amp;rft.mms_id=991036813588303811</subfield><subfield code='e'>EBSCOhost</subfield><subfield code='9'>Available</subfield><subfield code='c'>EBSCOhost Academic eBook Collection (North America)</subfield><subfield code='h'>613640000000000029</subfield><subfield code='8'>53392543450003811</subfield></datafield></record>