
  <record xmlns='http://www.loc.gov/MARC21/slim'><leader>03889cam a2200697 i 4500</leader><controlfield tag='005'>20170825233620.0</controlfield><controlfield tag='008'>160321s2016    okua     b   s001 0beng  </controlfield><controlfield tag='001'>991026175799703811</controlfield><datafield ind1=' ' ind2=' ' tag='010'><subfield code='a'>2015045757</subfield></datafield><datafield ind1=' ' ind2=' ' tag='020'><subfield code='a'>9780806153360 (hardcover : alkaline paper)</subfield></datafield><datafield ind1=' ' ind2=' ' tag='020'><subfield code='a'>0806153369 (hardcover : alkaline paper)</subfield></datafield><datafield ind1=' ' ind2=' ' tag='035'><subfield code='a'>(PPT)b62999242-01tuli_inst</subfield></datafield><datafield ind1=' ' ind2=' ' tag='035'><subfield code='a'>(OCoLC)945549502</subfield></datafield><datafield ind1=' ' ind2=' ' tag='035'><subfield code='a'>ocn945549502</subfield></datafield><datafield ind1=' ' ind2=' ' tag='035'><subfield code='a'>(OCLC)ocn945549502</subfield></datafield><datafield ind1=' ' ind2=' ' tag='040'><subfield code='a'>DLC</subfield><subfield code='b'>eng</subfield><subfield code='e'>rda</subfield><subfield code='c'>DLC</subfield><subfield code='d'>OCLCF</subfield><subfield code='d'>YDXCP</subfield><subfield code='d'>BTCTA</subfield><subfield code='d'>NMS</subfield><subfield code='d'>ZCU</subfield><subfield code='d'>BDX</subfield></datafield><datafield ind1=' ' ind2=' ' tag='042'><subfield code='a'>pcc</subfield></datafield><datafield ind1=' ' ind2=' ' tag='043'><subfield code='a'>n-us-nm</subfield><subfield code='a'>e-sp---</subfield></datafield><datafield ind1=' ' ind2=' ' tag='079'><subfield code='a'>ocn945549502</subfield></datafield><datafield ind1=' ' ind2=' ' tag='090'><subfield code='a'>F799.A35</subfield><subfield code='b'>L48 2016</subfield></datafield><datafield ind1='1' ind2=' ' tag='100'><subfield code='a'>Levine, Frances.</subfield></datafield><datafield ind1='1' ind2='0' tag='245'><subfield code='a'>Doña Teresa confronts the Spanish Inquisition :</subfield><subfield code='b'>a seventeenth-century New Mexican drama /</subfield><subfield code='c'>Frances Levine.</subfield></datafield><datafield ind1=' ' ind2='1' tag='264'><subfield code='a'>Norman :</subfield><subfield code='b'>University of Oklahoma Press,</subfield><subfield code='c'>[2016]</subfield></datafield><datafield ind1=' ' ind2=' ' tag='300'><subfield code='a'>xv, 278 pages :</subfield><subfield code='b'>illustrations ;</subfield><subfield code='c'>24 cm</subfield></datafield><datafield ind1=' ' ind2=' ' tag='336'><subfield code='a'>text</subfield><subfield code='b'>txt</subfield><subfield code='2'>rdacontent</subfield></datafield><datafield ind1=' ' ind2=' ' tag='337'><subfield code='a'>unmediated</subfield><subfield code='b'>n</subfield><subfield code='2'>rdamedia</subfield></datafield><datafield ind1=' ' ind2=' ' tag='338'><subfield code='a'>volume</subfield><subfield code='b'>nc</subfield><subfield code='2'>rdacarrier</subfield></datafield><datafield ind1=' ' ind2=' ' tag='504'><subfield code='a'>Includes bibliographical references (pages 257-264) and index.</subfield></datafield><datafield ind1='0' ind2=' ' tag='505'><subfield code='a'>Becoming New Mexico -- Intrigue in the Royal Palace -- A gathering storm -- Charged with a &quot;haughty and presumptuous spirit&quot; -- Taking matters into her own hands -- Reaching conclusions -- Epilogue -- Appendix A: Inventory of the possessions of Doña Teresa Aguilera y Roche, arrested in the Casas Reales, August 27, 1662 -- Appendix B: Inventory of Doña Teresa&apos;s items, April 1663 -- Appendix C: Doña Teresa tenders her reply.</subfield></datafield><datafield ind1='2' ind2=' ' tag='520'><subfield code='a'>&quot;Teresa Aguilera y Roche, wife of New Mexico governor Bernardo López de Mendizábal, was the only woman from New Mexico ever tried by the Inquisition for the crime of secretly practicing Jewish rituals. Doña Teresa&apos;s arrest, trial, and eventual exoneration shed light on the social fabric of seventeenth-century Santa Fe as well as the dangers of non-conformity on even the farthest frontiers of Spanish America. Accusing the governor and his wife of crypto-Judaism, Levine argues, had more to do with rival politicians and clergy that used the Inquisition to silence opposition than actual heretical behavior&quot;--Propvided by publisher.</subfield></datafield><datafield ind1='1' ind2='0' tag='600'><subfield code='a'>Aguilera y Roche, Teresa de,</subfield><subfield code='d'>approximately 1622-</subfield></datafield><datafield ind1='1' ind2='0' tag='600'><subfield code='a'>Aguilera y Roche, Teresa de,</subfield><subfield code='d'>approximately 1622-</subfield><subfield code='v'>Trials, litigation, etc.</subfield></datafield><datafield ind1='1' ind2='7' tag='600'><subfield code='a'>Aguilera y Roche, Teresa de,</subfield><subfield code='d'>approximately 1622-</subfield><subfield code='2'>fast</subfield><subfield code='0'>(OCoLC)fst01803583</subfield></datafield><datafield ind1=' ' ind2='7' tag='648'><subfield code='a'>1600-1699</subfield><subfield code='2'>fast</subfield></datafield><datafield ind1=' ' ind2='0' tag='650'><subfield code='a'>Governors&apos; spouses</subfield><subfield code='z'>New Mexico</subfield><subfield code='v'>Biography.</subfield></datafield><datafield ind1=' ' ind2='0' tag='650'><subfield code='a'>Dissenters</subfield><subfield code='z'>New Mexico</subfield><subfield code='v'>Biography.</subfield></datafield><datafield ind1=' ' ind2='0' tag='650'><subfield code='a'>Inquisition</subfield><subfield code='z'>New Mexico</subfield><subfield code='z'>Santa Fe.</subfield></datafield><datafield ind1=' ' ind2='0' tag='650'><subfield code='a'>Crypto-Jews</subfield><subfield code='z'>New Mexico</subfield><subfield code='z'>Santa Fe</subfield><subfield code='x'>History</subfield><subfield code='y'>17th century.</subfield></datafield><datafield ind1=' ' ind2='0' tag='650'><subfield code='a'>Political culture</subfield><subfield code='z'>New Mexico</subfield><subfield code='z'>Santa Fe</subfield><subfield code='x'>History</subfield><subfield code='y'>17th century.</subfield></datafield><datafield ind1=' ' ind2='7' tag='650'><subfield code='a'>Crypto-Jews.</subfield><subfield code='2'>fast</subfield><subfield code='0'>(OCoLC)fst01765216</subfield></datafield><datafield ind1=' ' ind2='7' tag='650'><subfield code='a'>Dissenters.</subfield><subfield code='2'>fast</subfield><subfield code='0'>(OCoLC)fst00895401</subfield></datafield><datafield ind1=' ' ind2='7' tag='650'><subfield code='a'>Governors&apos; spouses.</subfield><subfield code='2'>fast</subfield><subfield code='0'>(OCoLC)fst00945746</subfield></datafield><datafield ind1=' ' ind2='7' tag='650'><subfield code='a'>Inquisition.</subfield><subfield code='2'>fast</subfield><subfield code='0'>(OCoLC)fst00973796</subfield></datafield><datafield ind1=' ' ind2='7' tag='650'><subfield code='a'>Political culture.</subfield><subfield code='2'>fast</subfield><subfield code='0'>(OCoLC)fst01069263</subfield></datafield><datafield ind1=' ' ind2='7' tag='650'><subfield code='a'>Social conditions.</subfield><subfield code='2'>fast</subfield><subfield code='0'>(OCoLC)fst01919811</subfield></datafield><datafield ind1=' ' ind2='7' tag='650'><subfield code='a'>Spanish colonies.</subfield><subfield code='2'>fast</subfield><subfield code='0'>(OCoLC)fst01930866</subfield></datafield><datafield ind1=' ' ind2='0' tag='651'><subfield code='a'>Santa Fe (N.M.)</subfield><subfield code='x'>Social conditions</subfield><subfield code='y'>17th century.</subfield></datafield><datafield ind1=' ' ind2='0' tag='651'><subfield code='a'>Santa Fe (N.M.)</subfield><subfield code='x'>Church history.</subfield></datafield><datafield ind1=' ' ind2='0' tag='651'><subfield code='a'>Spain</subfield><subfield code='x'>Colonies</subfield><subfield code='x'>Church history.</subfield></datafield><datafield ind1=' ' ind2='7' tag='651'><subfield code='a'>New Mexico.</subfield><subfield code='2'>fast</subfield><subfield code='0'>(OCoLC)fst01204269</subfield></datafield><datafield ind1=' ' ind2='7' tag='651'><subfield code='a'>New Mexico</subfield><subfield code='z'>Santa Fe.</subfield><subfield code='2'>fast</subfield><subfield code='0'>(OCoLC)fst01205208</subfield></datafield><datafield ind1=' ' ind2='7' tag='655'><subfield code='a'>Biography.</subfield><subfield code='2'>fast</subfield><subfield code='0'>(OCoLC)fst01423686</subfield></datafield><datafield ind1=' ' ind2='7' tag='655'><subfield code='a'>Church history.</subfield><subfield code='2'>fast</subfield><subfield code='0'>(OCoLC)fst01411629</subfield></datafield><datafield ind1=' ' ind2='7' tag='655'><subfield code='a'>History.</subfield><subfield code='2'>fast</subfield><subfield code='0'>(OCoLC)fst01411628</subfield></datafield><datafield ind1=' ' ind2='7' tag='655'><subfield code='a'>Trials, litigation, etc.</subfield><subfield code='2'>fast</subfield><subfield code='0'>(OCoLC)fst01423712</subfield></datafield><datafield ind1=' ' ind2=' ' tag='902'><subfield code='a'>161114</subfield></datafield><datafield ind1=' ' ind2=' ' tag='907'><subfield code='a'>.b62999242</subfield><subfield code='b'>p    </subfield><subfield code='c'>-</subfield></datafield><datafield ind1=' ' ind2=' ' tag='945'><subfield code='l'>pstk </subfield><subfield code='g'>1</subfield></datafield><datafield ind1=' ' ind2=' ' tag='979'><subfield code='a'>ocn945549502</subfield></datafield><datafield ind1=' ' ind2=' ' tag='998'><subfield code='b'>1</subfield><subfield code='c'>161020</subfield><subfield code='d'>m</subfield><subfield code='e'>a</subfield><subfield code='f'>-</subfield><subfield code='g'>0</subfield></datafield><datafield ind1=' ' ind2=' ' tag='998'><subfield code='b'>1</subfield><subfield code='c'>161020</subfield><subfield code='d'>m</subfield><subfield code='e'>a</subfield><subfield code='f'>-</subfield><subfield code='g'>0</subfield></datafield><datafield ind1=' ' ind2=' ' tag='ADM'><subfield code='b'>2017-08-26 03:36:20</subfield><subfield code='e'>b62999242-01tuli_inst</subfield><subfield code='d'>ILS</subfield><subfield code='a'>2017-06-20 07:39:51</subfield><subfield code='c'>false</subfield></datafield><datafield ind1='0' ind2=' ' tag='HLD'><subfield code='b'>MAIN</subfield><subfield code='c'>stacks</subfield><subfield code='h'>F799.A35</subfield><subfield code='i'>L48 2016</subfield><subfield code='8'>22270212700003811</subfield></datafield><datafield ind1=' ' ind2=' ' tag='ITM'><subfield code='r'>22270212700003811</subfield><subfield code='b'>1</subfield><subfield code='h'>0</subfield><subfield code='g'>stacks</subfield><subfield code='t'>BOOK</subfield><subfield code='9'>39074030154827</subfield><subfield code='e'>stacks</subfield><subfield code='8'>23270212690003811</subfield><subfield code='a'>0</subfield><subfield code='q'>2017-06-20 07:39:51</subfield><subfield code='i'>F799.A35 L48 2016</subfield><subfield code='d'>MAIN</subfield><subfield code='f'>MAIN</subfield></datafield></record>