
  <record xmlns='http://www.loc.gov/MARC21/slim'><leader>03898ngm a2200625Ia 4500</leader><controlfield tag='005'>20141009151047.0</controlfield><controlfield tag='006'>m|||||o||c||||||||</controlfield><controlfield tag='007'>vz|czazuu</controlfield><controlfield tag='007'>cr|cna</controlfield><controlfield tag='008'>141009s2012||||nyu060||||||||o|||vleng|d</controlfield><controlfield tag='001'>991006905599703811</controlfield><datafield ind1='4' ind2='0' tag='028'><subfield code='a'>58675</subfield><subfield code='b'>Films Media Group</subfield></datafield><datafield ind1='4' ind2='0' tag='028'><subfield code='a'>58665s</subfield><subfield code='b'>Films Media Group</subfield></datafield><datafield ind1=' ' ind2=' ' tag='035'><subfield code='a'>(PPT)b57153887-01tuli_inst</subfield></datafield><datafield ind1=' ' ind2=' ' tag='035'><subfield code='a'>(FOD)100058675</subfield><subfield code='9'>ExL</subfield></datafield><datafield ind1=' ' ind2=' ' tag='035'><subfield code='a'>100058675</subfield></datafield><datafield ind1=' ' ind2=' ' tag='035'><subfield code='a'>(OCoLC)892823828</subfield></datafield><datafield ind1=' ' ind2=' ' tag='040'><subfield code='a'>AzPhAEM</subfield></datafield><datafield ind1='0' ind2=' ' tag='041'><subfield code='a'>eng</subfield><subfield code='j'>eng</subfield></datafield><datafield ind1='0' ind2='0' tag='245'><subfield code='a'>Michelle Rodriguez/Adrian Grenier/Linda Chavez</subfield><subfield code='h'>[electronic resource (video)] /</subfield><subfield code='c'>Public Broadcasting Service (U.S.).</subfield></datafield><datafield ind1='3' ind2=' ' tag='246'><subfield code='a'>Adrian Grenier</subfield></datafield><datafield ind1='3' ind2=' ' tag='246'><subfield code='a'>Linda Chavez</subfield></datafield><datafield ind1='3' ind2=' ' tag='260'><subfield code='a'>New York, N.Y. :</subfield><subfield code='b'>Films Media Group,</subfield><subfield code='c'>[2014], c2012.</subfield></datafield><datafield ind1=' ' ind2=' ' tag='300'><subfield code='a'>1 streaming video file (60 min.) :</subfield><subfield code='b'>sd., col.</subfield></datafield><datafield ind1='1' ind2=' ' tag='490'><subfield code='a'>Finding Your Roots</subfield></datafield><datafield ind1=' ' ind2=' ' tag='500'><subfield code='a'>Encoded with permission for digital streaming by Films Media Group on August 15, 2014.</subfield></datafield><datafield ind1=' ' ind2=' ' tag='500'><subfield code='a'>Films on Demand is distributed by Films Media Group for Films for the Humanities &amp; Sciences, Cambridge Educational, Meridian Education, and Shopware.</subfield></datafield><datafield ind1='0' ind2=' ' tag='505'><subfield code='a'>Introduction: Michelle Rodriguez/Adrian Grenier/Linda Chavez: Finding Your Roots (2:05) -- Michelle Rodriguez: Warrior Spirit (4:34) -- Linda Chavez: Fiercely Independent (4:20) -- Adrian Grenier: Childhood (3:50) -- Adrian Grenier: Grandfather (2:35) -- Adrian Grenier: Apache? (2:05) -- Adrian Grenier: Conquistador (3:05) -- Adrian Grenier: Luis Martin Serrano (2:01) -- Racial Mixtures (1:45) -- Linda Chavez: Diego de Vargas (4:21) -- Michelle Rodriguez: Racial Animosity (2:38) -- Michelle Rodriguez: Family Secrets (4:25) -- Linda Chavez: Spanish Roots (2:14) -- Linda Chavez: Spanish inquisition (2:15) -- Linda Chavez: Crypto-Jews (2:14) -- DNA Analysis (4:02) -- Finding  Your Roots Review (2:39) -- Credits: Michelle Rodriguez/Adrian Grenier/Linda Chavez: Finding Your Roots (2:27)</subfield></datafield><datafield ind1='1' ind2=' ' tag='506'><subfield code='a'>Access requires authentication through Films on Demand.</subfield></datafield><datafield ind1=' ' ind2=' ' tag='520'><subfield code='a'>Michelle Rodriguez, Adrian Grenier and Linda Chavez all share Spanish colonial roots, yet each views their own identity very differently. In this episode we ask what it means to be Hispanic-and find that the answer lies in the tangled histories of European, Native American and African peoples. Crisscrossing Mexico, Spain, the Caribbean, and the Southwest, Professor Gates reveals stories of ancestral Conquistadors, Indian rebels, and &quot;Crypto-Jews&quot; (Spanish Jews who converted to Catholicism to survive the Inquisition, yet continued to practice their religion in secret) - showing that the American experience has been shaped by people who were in the New World long before the Mayflower.</subfield></datafield><datafield ind1='2' ind2=' ' tag='521'><subfield code='a'>7 &amp; up.</subfield></datafield><datafield ind1=' ' ind2=' ' tag='538'><subfield code='a'>Mode of access: Internet.</subfield></datafield><datafield ind1=' ' ind2=' ' tag='538'><subfield code='a'>System requirements: FOD playback platform.</subfield></datafield><datafield ind1=' ' ind2=' ' tag='546'><subfield code='a'>Closed-captioned.</subfield></datafield><datafield ind1=' ' ind2=' ' tag='588'><subfield code='a'>Title from distributor&apos;s description.</subfield></datafield><datafield ind1=' ' ind2=' ' tag='590'><subfield code='a'>Access is available to the Temple Community through use of a networked computer with a Temple IP address.</subfield></datafield><datafield ind1='1' ind2='0' tag='600'><subfield code='a'>Grenier, Adrian, </subfield><subfield code='d'>1976-</subfield></datafield><datafield ind1='1' ind2='0' tag='600'><subfield code='a'>Rodriguez, Michelle</subfield></datafield><datafield ind1=' ' ind2='0' tag='650'><subfield code='a'>Celebrities</subfield><subfield code='x'>Genealogy.</subfield></datafield><datafield ind1=' ' ind2='0' tag='650'><subfield code='a'>Families</subfield><subfield code='x'>History.</subfield></datafield><datafield ind1=' ' ind2='0' tag='655'><subfield code='a'>Educational films.</subfield></datafield><datafield ind1=' ' ind2='0' tag='655'><subfield code='a'>Internet videos.</subfield></datafield><datafield ind1=' ' ind2='0' tag='655'><subfield code='a'>Videorecording.</subfield><subfield code='2'>local</subfield></datafield><datafield ind1=' ' ind2='0' tag='655'><subfield code='a'>Streaming video.</subfield></datafield><datafield ind1='2' ind2=' ' tag='710'><subfield code='a'>Films for the Humanities &amp; Sciences (Firm)</subfield></datafield><datafield ind1='2' ind2=' ' tag='710'><subfield code='a'>Films Media Group.</subfield></datafield><datafield ind1='2' ind2=' ' tag='710'><subfield code='a'>Public Broadcasting Service (U.S.)</subfield></datafield><datafield ind1='0' ind2=' ' tag='730'><subfield code='a'>Finding your roots (Television program)</subfield></datafield><datafield ind1='0' ind2='8' tag='776'><subfield code='i'>Originally produced: </subfield><subfield code='d'>Public Broadcasting Service (U.S.), 2012.</subfield></datafield><datafield ind1=' ' ind2='0' tag='830'><subfield code='a'>Finding Your Roots.</subfield></datafield><datafield ind1='4' ind2='0' tag='856'><subfield code='z'>Access Films on Demand streaming video.</subfield><subfield code='u'>http://libproxy.temple.edu/login?url=http://digital.films.com/PortalPlaylists.aspx?aid=1627&amp;xtid=58675</subfield></datafield><datafield ind1=' ' ind2=' ' tag='907'><subfield code='a'>.b57153887</subfield><subfield code='b'>w    </subfield><subfield code='c'>-</subfield></datafield><datafield ind1=' ' ind2=' ' tag='902'><subfield code='a'>150202</subfield></datafield><datafield ind1=' ' ind2=' ' tag='998'><subfield code='b'>1</subfield><subfield code='c'>150207</subfield><subfield code='d'>m</subfield><subfield code='e'>2</subfield><subfield code='f'>-</subfield><subfield code='g'>0</subfield></datafield><datafield ind1=' ' ind2=' ' tag='902'><subfield code='a'>Films on Demand 2015-02-02</subfield></datafield><datafield ind1=' ' ind2=' ' tag='945'><subfield code='l'>w    </subfield><subfield code='g'>1</subfield></datafield><datafield ind1=' ' ind2=' ' tag='PRT'><subfield code='a'>53380664100003811</subfield><subfield code='b'>https://sandbox01-na.alma.exlibrisgroup.com/view/uresolver/01TULI_INST/openurl?u.ignore_date_coverage=true&amp;rft.mms_id=991006905599703811</subfield><subfield code='f'>Access Films on Demand streaming video.</subfield><subfield code='d'>MAIN</subfield><subfield code='c'>Films on Demand Streaming Video</subfield><subfield code='8'>53380664100003811</subfield></datafield></record>