
  <record xmlns='http://www.loc.gov/MARC21/slim'><leader>03949nam  2200553 i 4500</leader><controlfield tag='001'>991036815150903811</controlfield><controlfield tag='005'>20170814190228.0</controlfield><controlfield tag='006'>m     o  d        </controlfield><controlfield tag='007'>cr |n|||||||||</controlfield><controlfield tag='008'>151223s2001    mau     ob    001   eng d</controlfield><datafield ind1=' ' ind2=' ' tag='020'><subfield code='a'>1-282-09657-5</subfield></datafield><datafield ind1=' ' ind2=' ' tag='020'><subfield code='a'>0-262-25658-4</subfield></datafield><datafield ind1=' ' ind2=' ' tag='020'><subfield code='a'>1-4237-2541-7</subfield></datafield><datafield ind1=' ' ind2=' ' tag='035'><subfield code='a'>(CKB)1000000000456831</subfield></datafield><datafield ind1=' ' ind2=' ' tag='035'><subfield code='a'>(SSID)ssj0000133144</subfield></datafield><datafield ind1=' ' ind2=' ' tag='035'><subfield code='a'>(PQKBManifestationID)11150198</subfield></datafield><datafield ind1=' ' ind2=' ' tag='035'><subfield code='a'>(PQKBTitleCode)TC0000133144</subfield></datafield><datafield ind1=' ' ind2=' ' tag='035'><subfield code='a'>(PQKBWorkID)10040737</subfield></datafield><datafield ind1=' ' ind2=' ' tag='035'><subfield code='a'>(PQKB)10582491</subfield></datafield><datafield ind1=' ' ind2=' ' tag='035'><subfield code='a'>(CaBNVSL)mat06276837</subfield></datafield><datafield ind1=' ' ind2=' ' tag='035'><subfield code='a'>(IDAMS)0b000064818c1f52</subfield></datafield><datafield ind1=' ' ind2=' ' tag='035'><subfield code='a'>(IEEE)6276837</subfield></datafield><datafield ind1=' ' ind2=' ' tag='035'><subfield code='a'>(EXLCZ)991000000000456831</subfield></datafield><datafield ind1=' ' ind2=' ' tag='040'><subfield code='a'>CaBNVSL</subfield><subfield code='b'>eng</subfield><subfield code='e'>rda</subfield><subfield code='c'>CaBNVSL</subfield><subfield code='d'>CaBNVSL</subfield></datafield><datafield ind1=' ' ind2=' ' tag='041'><subfield code='a'>eng</subfield></datafield><datafield ind1=' ' ind2='4' tag='050'><subfield code='a'>HM851</subfield><subfield code='b'>.C78 2001eb</subfield></datafield><datafield ind1='0' ind2='0' tag='245'><subfield code='a'>Crypto anarchy, cyberstates, and pirate utopias /</subfield><subfield code='c'>edited by Peter Ludlow.</subfield></datafield><datafield ind1=' ' ind2='1' tag='264'><subfield code='a'>Cambridge, Massachusetts :</subfield><subfield code='b'>MIT Press,</subfield><subfield code='c'>c2001.</subfield></datafield><datafield ind1=' ' ind2='2' tag='264'><subfield code='a'>[Piscataqay, New Jersey] :</subfield><subfield code='b'>IEEE Xplore,</subfield><subfield code='c'>[2001]</subfield></datafield><datafield ind1=' ' ind2=' ' tag='300'><subfield code='a'>1 PDF (xxii, 485 pages).</subfield></datafield><datafield ind1=' ' ind2=' ' tag='336'><subfield code='a'>text</subfield><subfield code='b'>txt</subfield></datafield><datafield ind1=' ' ind2=' ' tag='337'><subfield code='a'>computer</subfield><subfield code='b'>c</subfield></datafield><datafield ind1=' ' ind2=' ' tag='338'><subfield code='a'>online resource</subfield><subfield code='b'>cr</subfield></datafield><datafield ind1='1' ind2=' ' tag='490'><subfield code='a'>Digital communication</subfield></datafield><datafield ind1=' ' ind2=' ' tag='500'><subfield code='a'>Bibliographic Level Mode of Issuance: Monograph</subfield></datafield><datafield ind1=' ' ind2=' ' tag='546'><subfield code='a'>English</subfield></datafield><datafield ind1=' ' ind2=' ' tag='504'><subfield code='a'>Includes bibliographical references and indexes.</subfield></datafield><datafield ind1='1' ind2=' ' tag='506'><subfield code='a'>Restricted to subscribers or individual electronic text purchasers.</subfield></datafield><datafield ind1=' ' ind2=' ' tag='520'><subfield code='a'>In Crypto Anarchy, Cyberstates, and Pirate Utopias, Peter Ludlow extends the approach he used so successfully in High Noon on the Electronic Frontier, offering a collection of writings that reflects the eclectic nature of the online world, as well as its tremendous energy and creativity. This time the subject is the emergence of governance structures within online communities and the visions of political sovereignty shaping some of those communities. Ludlow views virtual communities as laboratories for conducting experiments in the construction of new societies and governance structures. While many online experiments will fail, Ludlow argues that given the synergy of the online world, new and superior governance structures may emerge. Indeed, utopian visions are not out of place, provided that we understand the new utopias to be fleeting localized &quot;islands in the Net&quot; and not permanent institutions.The book is organized in five sections. The first section considers the sovereignty of the Internet. The second section asks how widespread access to resources such as Pretty Good Privacy and anonymous remailers allows the possibility of &quot;Crypto Anarchy&quot;--essentially carving out space for activities that lie outside the purview of nation states and other traditional powers. The third section shows how the growth of e-commerce is raising questions of legal jurisdiction and taxation for which the geographic boundaries of nation-states are obsolete. The fourth section looks at specific experimental governance structures evolved by online communities. The fifth section considers utopian and anti-utopian visions for cyberspace.Contributors Richard Barbrook, John Perry Barlow, William E. Baugh Jr., David S. Bennahum, Hakim Bey, David Brin, Andy Cameron, Dorothy E. Denning, Mark Dery, Kevin Doyle, Duncan Frissell, Eric Hughes, Karrie Jacobs, David Johnson, Peter Ludlow, Timothy C. May, Jennifer L. Mnookin, Nathan Newman, David G. Post, Jedediah S. Purdy, Charles J. Stivale.</subfield></datafield><datafield ind1=' ' ind2=' ' tag='530'><subfield code='a'>Also available in print.</subfield></datafield><datafield ind1=' ' ind2=' ' tag='538'><subfield code='a'>Mode of access: World Wide Web</subfield></datafield><datafield ind1=' ' ind2=' ' tag='588'><subfield code='a'>Description based on PDF viewed 12/23/2015.</subfield></datafield><datafield ind1=' ' ind2='0' tag='650'><subfield code='a'>Cyberspace</subfield><subfield code='x'>Social aspects</subfield></datafield><datafield ind1=' ' ind2='0' tag='650'><subfield code='a'>Cyberspace</subfield><subfield code='x'>Political aspects</subfield></datafield><datafield ind1=' ' ind2='0' tag='650'><subfield code='a'>Internet</subfield><subfield code='x'>Social aspects</subfield></datafield><datafield ind1=' ' ind2='0' tag='650'><subfield code='a'>Internet</subfield><subfield code='x'>Political aspects</subfield></datafield><datafield ind1=' ' ind2='0' tag='650'><subfield code='a'>Anarchism</subfield></datafield><datafield ind1=' ' ind2='0' tag='650'><subfield code='a'>State, The</subfield></datafield><datafield ind1=' ' ind2='7' tag='650'><subfield code='a'>Sociology &amp; Social History</subfield><subfield code='2'>HILCC</subfield></datafield><datafield ind1=' ' ind2='7' tag='650'><subfield code='a'>Social Sciences</subfield><subfield code='2'>HILCC</subfield></datafield><datafield ind1=' ' ind2='7' tag='650'><subfield code='a'>Social Change</subfield><subfield code='2'>HILCC</subfield></datafield><datafield ind1=' ' ind2='0' tag='655'><subfield code='a'>Electronic books.</subfield></datafield><datafield ind1=' ' ind2=' ' tag='776'><subfield code='z'>0-262-12238-3</subfield></datafield><datafield ind1='1' ind2=' ' tag='700'><subfield code='a'>Ludlow, Peter.</subfield></datafield><datafield ind1=' ' ind2='0' tag='830'><subfield code='a'>Digital communication.</subfield></datafield><datafield ind1=' ' ind2=' ' tag='906'><subfield code='a'>BOOK</subfield></datafield><datafield ind1=' ' ind2=' ' tag='PRT'><subfield code='a'>53393513080003811</subfield><subfield code='b'>https://sandbox01-na.alma.exlibrisgroup.com/view/uresolver/01TULI_INST/openurl?u.ignore_date_coverage=true&amp;rft.mms_id=991036815150903811</subfield><subfield code='e'>EBSCOhost</subfield><subfield code='c'>EBSCOhost Academic eBook Collection (North America)</subfield><subfield code='h'>613640000000000029</subfield><subfield code='8'>53393513080003811</subfield></datafield></record>