
  <record xmlns='http://www.loc.gov/MARC21/slim'><leader>04154cam a22005534a 4500</leader><controlfield tag='005'>20180315125138.0</controlfield><controlfield tag='008'>120911s2013    pau      b    001 0ceng c</controlfield><controlfield tag='001'>991032599509703811</controlfield><datafield ind1=' ' ind2=' ' tag='010'><subfield code='a'>2012036989</subfield></datafield><datafield ind1=' ' ind2=' ' tag='020'><subfield code='a'>9780812244557 (hardcover : alk. paper)</subfield></datafield><datafield ind1=' ' ind2=' ' tag='020'><subfield code='a'>0812244559 (hardcover : alk. paper)</subfield></datafield><datafield ind1='8' ind2=' ' tag='024'><subfield code='a'>40021956256</subfield></datafield><datafield ind1=' ' ind2=' ' tag='035'><subfield code='a'>(PPT)b64684477-01tuli_inst</subfield></datafield><datafield ind1=' ' ind2=' ' tag='035'><subfield code='a'>(OCoLC)785870976</subfield></datafield><datafield ind1=' ' ind2=' ' tag='040'><subfield code='a'>PU/DLC</subfield><subfield code='b'>eng</subfield><subfield code='c'>PAU</subfield><subfield code='d'>DLC</subfield><subfield code='d'>BTCTA</subfield><subfield code='d'>BDX</subfield><subfield code='d'>UKMGB</subfield><subfield code='d'>YDXCP</subfield><subfield code='d'>BWX</subfield><subfield code='d'>OUP</subfield><subfield code='d'>OSU</subfield><subfield code='d'>YUS</subfield><subfield code='d'>MUU</subfield><subfield code='d'>CDX</subfield><subfield code='d'>PUL</subfield><subfield code='d'>STF</subfield><subfield code='d'>OCLCF</subfield><subfield code='d'>CHVBK</subfield></datafield><datafield ind1='1' ind2=' ' tag='041'><subfield code='a'>eng</subfield><subfield code='h'>fre</subfield></datafield><datafield ind1=' ' ind2=' ' tag='042'><subfield code='a'>pcc</subfield></datafield><datafield ind1=' ' ind2=' ' tag='043'><subfield code='a'>cl-----</subfield></datafield><datafield ind1=' ' ind2=' ' tag='090'><subfield code='a'>F1419.J4</subfield><subfield code='b'>W33 2013</subfield></datafield><datafield ind1='1' ind2=' ' tag='100'><subfield code='a'>Wachtel, Nathan.</subfield></datafield><datafield ind1='0' ind2='0' tag='240'><subfield code='a'>Foi du souvenir.</subfield><subfield code='l'>English</subfield></datafield><datafield ind1='1' ind2='4' tag='245'><subfield code='a'>The faith of remembrance :</subfield><subfield code='b'>Marrano labyrinths /</subfield><subfield code='c'>Nathan Wachtel ; translated by Nikki Halpern ; foreword by Yosef Kaplan.</subfield></datafield><datafield ind1=' ' ind2=' ' tag='250'><subfield code='a'>1st ed.</subfield></datafield><datafield ind1=' ' ind2=' ' tag='260'><subfield code='a'>Philadelphia :</subfield><subfield code='b'>University of Pennsylvania Press,</subfield><subfield code='c'>c2013.</subfield></datafield><datafield ind1=' ' ind2=' ' tag='300'><subfield code='a'>xiv, 390 p. ;</subfield><subfield code='c'>24 cm.</subfield></datafield><datafield ind1=' ' ind2=' ' tag='336'><subfield code='a'>text</subfield><subfield code='b'>txt</subfield><subfield code='2'>rdacontent</subfield></datafield><datafield ind1=' ' ind2=' ' tag='337'><subfield code='a'>unmediated</subfield><subfield code='b'>n</subfield><subfield code='2'>rdamedia</subfield></datafield><datafield ind1=' ' ind2=' ' tag='338'><subfield code='a'>volume</subfield><subfield code='b'>nc</subfield><subfield code='2'>rdacarrier</subfield></datafield><datafield ind1='1' ind2=' ' tag='490'><subfield code='a'>Jewish culture and contexts</subfield></datafield><datafield ind1=' ' ind2=' ' tag='504'><subfield code='a'>Includes bibliographical references (p. [367]-380) and index.</subfield></datafield><datafield ind1='0' ind2=' ' tag='505'><subfield code='a'>Juan Vicente&apos;s Sanbenito -- Heaven face to face: Francisco Maldonado de Silva -- &quot;They spoke of the things of the law of Moses&quot;: Manuel Bautista Perez -- &quot;Remember the mother of the Macabees!&quot;: Regarding Leonor Nuñez -- &quot;May everyone be what he is&quot;: Francisco Botello and Maria de Zarate -- &quot;The law of the name received from the ancients&quot;: Fernando de Medina -- &quot;Moses, son of Queen Esther&quot;: Theresa Paes de Jesus -- &quot;For in this time all is lies, and all is truth&quot;: Joāo Thomas de Castro and António José de Silva -- Conclusion: Faith, memory, forgetting.</subfield></datafield><datafield ind1=' ' ind2=' ' tag='520'><subfield code='a'>&quot;In a series of intimate and searing portraits, Nathan Wachtel traces the journeys of the seventeenth- and eighteenth-century Marranos--Spanish and Portuguese Jews who were forcibly converted to Catholicism but secretly retained their own faith. Fleeing persecution in their Iberian homeland, some sought refuge in the Americas, where they established transcontinental networks linking the New World to the Old. The Marranos--at once Jewish and Christian, outsiders and insiders--nurtured their hidden beliefs within their new communities, participating in the economic development of the early Americas while still adhering to some of the rituals and customs of their ancestors. In a testament to the partial assimilation of these new arrivals, their faith became ever more syncretic, mixing elements of Judaism with Christian practice and theology. In many cases, the combination was fatal. Wachtel relies on inquisitorial archives of trials and executions to chronicle legal and religious prosecutions for heresy. From the humble Jean Vicente to the fabulously wealthy slave trafficker Manuel Bautista Perez, from the untutored Theresa Paes de Jesus to the learned Francisco Maldonado de Silva, each unforgettable figure offers a chilling reminder of the reach of the Inquisition. Sensitive to the lingering tensions within the Marrano communities, Wachtel joins the concerns of an anthropologist to his skills as a historian, and in a stunning authorial move, he demonstrates that the faith of remembrance remains alive today in the towns of rural Brazil.&quot;--Publisher&apos;s website.</subfield></datafield><datafield ind1=' ' ind2=' ' tag='546'><subfield code='a'>Translated from the French.</subfield></datafield><datafield ind1=' ' ind2='0' tag='650'><subfield code='a'>Marranos</subfield><subfield code='z'>Latin America</subfield><subfield code='v'>Biography.</subfield></datafield><datafield ind1=' ' ind2='0' tag='650'><subfield code='a'>Marranos</subfield><subfield code='z'>Latin America</subfield><subfield code='x'>History.</subfield></datafield><datafield ind1=' ' ind2='0' tag='650'><subfield code='a'>Crypto-Jews</subfield><subfield code='z'>Latin America</subfield><subfield code='x'>History.</subfield></datafield><datafield ind1=' ' ind2='0' tag='650'><subfield code='a'>Inquisition</subfield><subfield code='z'>Latin America.</subfield></datafield><datafield ind1=' ' ind2='7' tag='650'><subfield code='a'>Crypto-Jews.</subfield><subfield code='2'>fast</subfield><subfield code='0'>(OCoLC)fst01765216</subfield></datafield><datafield ind1=' ' ind2='7' tag='650'><subfield code='a'>Inquisition.</subfield><subfield code='2'>fast</subfield><subfield code='0'>(OCoLC)fst00973796</subfield></datafield><datafield ind1=' ' ind2='7' tag='650'><subfield code='a'>Marranos.</subfield><subfield code='2'>fast</subfield><subfield code='0'>(OCoLC)fst01010435</subfield></datafield><datafield ind1=' ' ind2='7' tag='651'><subfield code='a'>Latin America.</subfield><subfield code='2'>fast</subfield><subfield code='0'>(OCoLC)fst01245945</subfield></datafield><datafield ind1=' ' ind2='7' tag='655'><subfield code='a'>Biography.</subfield><subfield code='2'>fast</subfield><subfield code='0'>(OCoLC)fst01423686</subfield></datafield><datafield ind1=' ' ind2='7' tag='655'><subfield code='a'>History.</subfield><subfield code='2'>fast</subfield><subfield code='0'>(OCoLC)fst01411628</subfield></datafield><datafield ind1=' ' ind2='0' tag='830'><subfield code='a'>Jewish culture and contexts.</subfield></datafield><datafield ind1=' ' ind2=' ' tag='907'><subfield code='a'>.b64684477</subfield><subfield code='b'>p    </subfield><subfield code='c'>-</subfield></datafield><datafield ind1=' ' ind2=' ' tag='945'><subfield code='l'>pstk </subfield><subfield code='g'>1</subfield></datafield><datafield ind1=' ' ind2=' ' tag='979'><subfield code='a'>ocn785870976</subfield><subfield code='b'>TEU</subfield></datafield><datafield ind1=' ' ind2=' ' tag='998'><subfield code='b'>0</subfield><subfield code='c'>170504</subfield><subfield code='d'>m</subfield><subfield code='e'>a</subfield><subfield code='f'>-</subfield><subfield code='g'>4</subfield></datafield><datafield ind1=' ' ind2=' ' tag='998'><subfield code='a'>05/04/2017</subfield><subfield code='s'>OCLC</subfield><subfield code='c'>lks</subfield></datafield><datafield ind1=' ' ind2=' ' tag='ADM'><subfield code='b'>2018-03-15 16:51:38</subfield><subfield code='e'>b64684477-01tuli_inst</subfield><subfield code='d'>OTHER</subfield><subfield code='a'>2017-06-20 07:50:21</subfield><subfield code='c'>false</subfield></datafield><datafield ind1='0' ind2=' ' tag='HLD'><subfield code='b'>MAIN</subfield><subfield code='c'>stacks</subfield><subfield code='h'>F1419.J4</subfield><subfield code='i'>W33 2013</subfield><subfield code='8'>22273226040003811</subfield></datafield><datafield ind1=' ' ind2=' ' tag='ITM'><subfield code='r'>22273226040003811</subfield><subfield code='b'>0</subfield><subfield code='u'>TECHNICAL</subfield><subfield code='h'>0</subfield><subfield code='g'>stacks</subfield><subfield code='t'>BOOK</subfield><subfield code='9'>39074030357594</subfield><subfield code='e'>stacks</subfield><subfield code='8'>23273226030003811</subfield><subfield code='a'>0</subfield><subfield code='q'>2017-06-20 07:50:21</subfield><subfield code='i'>F1419.J4 W33 2013</subfield><subfield code='d'>MAIN</subfield><subfield code='f'>MAIN</subfield></datafield></record>