
  <record xmlns='http://www.loc.gov/MARC21/slim'><leader>04203nam a22005655i 4500</leader><controlfield tag='001'>991036797546903811</controlfield><controlfield tag='005'>20180322121050.0</controlfield><controlfield tag='006'>m     o  d |      </controlfield><controlfield tag='007'>cr nn 008mamaa</controlfield><controlfield tag='008'>101220s2005    gw |    o    |||| 0|eng d</controlfield><datafield ind1=' ' ind2=' ' tag='020'><subfield code='a'>3-540-31870-4</subfield></datafield><datafield ind1=' ' ind2=' ' tag='020'><subfield code='a'>3-540-28114-2</subfield></datafield><datafield ind1='7' ind2=' ' tag='024'><subfield code='a'>10.1007/11535218</subfield><subfield code='2'>doi</subfield></datafield><datafield ind1=' ' ind2=' ' tag='035'><subfield code='a'>(CKB)1000000000213164</subfield></datafield><datafield ind1=' ' ind2=' ' tag='035'><subfield code='a'>(SSID)ssj0000315803</subfield></datafield><datafield ind1=' ' ind2=' ' tag='035'><subfield code='a'>(PQKBManifestationID)11278077</subfield></datafield><datafield ind1=' ' ind2=' ' tag='035'><subfield code='a'>(PQKBTitleCode)TC0000315803</subfield></datafield><datafield ind1=' ' ind2=' ' tag='035'><subfield code='a'>(PQKBWorkID)10256340</subfield></datafield><datafield ind1=' ' ind2=' ' tag='035'><subfield code='a'>(PQKB)11739230</subfield></datafield><datafield ind1=' ' ind2=' ' tag='035'><subfield code='a'>(DE-He213)978-3-540-31870-5</subfield></datafield><datafield ind1=' ' ind2=' ' tag='035'><subfield code='a'>(MiAaPQ)EBC3067721</subfield></datafield><datafield ind1=' ' ind2=' ' tag='035'><subfield code='a'>(EXLCZ)991000000000213164</subfield></datafield><datafield ind1=' ' ind2=' ' tag='040'><subfield code='a'>MiAaPQ</subfield><subfield code='c'>MiAaPQ</subfield><subfield code='d'>MiAaPQ</subfield></datafield><datafield ind1=' ' ind2=' ' tag='041'><subfield code='a'>eng</subfield></datafield><datafield ind1=' ' ind2='4' tag='050'><subfield code='a'>QA268</subfield></datafield><datafield ind1=' ' ind2='7' tag='072'><subfield code='a'>GPJ</subfield><subfield code='2'>bicssc</subfield></datafield><datafield ind1=' ' ind2='7' tag='072'><subfield code='a'>GPF</subfield><subfield code='2'>bicssc</subfield></datafield><datafield ind1=' ' ind2='7' tag='072'><subfield code='a'>COM031000</subfield><subfield code='2'>bisacsh</subfield></datafield><datafield ind1='0' ind2='4' tag='082'><subfield code='a'>003.54</subfield><subfield code='2'>23</subfield></datafield><datafield ind1=' ' ind2=' ' tag='100'><subfield code='a'>Shoup, Victor</subfield><subfield code='e'>Author</subfield></datafield><datafield ind1='2' ind2=' ' tag='111'><subfield code='a'>CRYPTO (Conference)</subfield></datafield><datafield ind1='1' ind2='0' tag='245'><subfield code='a'>Advances in Cryptology – CRYPTO 2005</subfield><subfield code='h'>[electronic resource] :</subfield><subfield code='b'>25th Annual International Cryptology Conference, Santa Barbara, California, USA, August 14-18, 2005. Proceedings /</subfield><subfield code='c'>edited by Victor Shoup.</subfield></datafield><datafield ind1=' ' ind2='1' tag='264'><subfield code='a'>Berlin, Heidelberg :</subfield><subfield code='b'>Springer Berlin Heidelberg,</subfield><subfield code='c'>2005.</subfield></datafield><datafield ind1=' ' ind2=' ' tag='300'><subfield code='a'>1 online resource (XII, 572 p.) </subfield></datafield><datafield ind1=' ' ind2=' ' tag='336'><subfield code='a'>text</subfield><subfield code='b'>txt</subfield></datafield><datafield ind1=' ' ind2=' ' tag='337'><subfield code='a'>computer</subfield><subfield code='b'>c</subfield></datafield><datafield ind1=' ' ind2=' ' tag='338'><subfield code='a'>online resource</subfield><subfield code='b'>cr</subfield></datafield><datafield ind1=' ' ind2=' ' tag='347'><subfield code='a'>text file</subfield><subfield code='b'>PDF</subfield><subfield code='2'>rda</subfield></datafield><datafield ind1='1' ind2=' ' tag='490'><subfield code='a'>Lecture Notes in Computer Science,</subfield><subfield code='x'>0302-9743 ;</subfield><subfield code='v'>3621</subfield></datafield><datafield ind1=' ' ind2=' ' tag='500'><subfield code='a'>Bibliographic Level Mode of Issuance: Monograph</subfield></datafield><datafield ind1=' ' ind2=' ' tag='546'><subfield code='a'>English</subfield></datafield><datafield ind1=' ' ind2=' ' tag='504'><subfield code='a'>Includes bibliographical references and index.</subfield></datafield><datafield ind1='0' ind2=' ' tag='505'><subfield code='a'>Efficient Collision Search Attacks on SHA-0 -- Finding Collisions in the Full SHA-1 -- Pebbling and Proofs of Work -- Composition Does Not Imply Adaptive Security -- On the Discrete Logarithm Problem on Algebraic Tori -- A Practical Attack on a Braid Group Based Cryptographic Protocol -- The Conditional Correlation Attack: A Practical Attack on Bluetooth Encryption -- Unconditional Characterizations of Non-interactive Zero-Knowledge -- Impossibility and Feasibility Results for Zero Knowledge with Public Keys -- Communication-Efficient Non-interactive Proofs of Knowledge with Online Extractors -- A Formal Treatment of Onion Routing -- Simple and Efficient Shuffling with Provable Correctness and ZK Privacy -- Searchable Encryption Revisited: Consistency Properties, Relation to Anonymous IBE, and Extensions -- Private Searching on Streaming Data -- Privacy-Preserving Set Operations -- Collusion Resistant Broadcast Encryption with Short Ciphertexts and Private Keys -- Generic Transformation for Scalable Broadcast Encryption Schemes -- Authenticating Pervasive Devices with Human Protocols -- Secure Communications over Insecure Channels Based on Short Authenticated Strings -- On Codes, Matroids and Secure Multi-party Computation from Linear Secret Sharing Schemes -- Black-Box Secret Sharing from Primitive Sets in Algebraic Number Fields -- Secure Computation Without Authentication -- Constant-Round Multiparty Computation Using a Black-Box Pseudorandom Generator -- Secure Computation of Constant-Depth Circuits with Applications to Database Search Problems -- Analysis of Random Oracle Instantiation Scenarios for OAEP and Other Practical Schemes -- Merkle-Damgård Revisited: How to Construct a Hash Function -- On the Generic Insecurity of the Full Domain Hash -- New Monotones and Lower Bounds in Unconditional Two-Party Computation -- One-Way Secret-Key Agreement and Applications to Circuit Polarization and Immunization of Public-Key Encryption -- A Quantum Cipher with Near Optimal Key-Recycling -- An Efficient CDH-Based Signature Scheme with a Tight Security Reduction -- Improved Security Analyses for CBC MACs -- HMQV: A High-Performance Secure Diffie-Hellman Protocol.</subfield></datafield><datafield ind1=' ' ind2='0' tag='650'><subfield code='a'>Computers</subfield><subfield code='x'>Access control</subfield><subfield code='v'>Congresses.</subfield></datafield><datafield ind1=' ' ind2='0' tag='650'><subfield code='a'>Cryptography</subfield><subfield code='v'>Congresses.</subfield></datafield><datafield ind1=' ' ind2='4' tag='655'><subfield code='a'>Electronic books.</subfield></datafield><datafield ind1='0' ind2=' ' tag='760'><subfield code='t'>Lecture notes in computer science</subfield><subfield code='w'>(CKB)954928560451</subfield><subfield code='w'>(DLC)92020465</subfield><subfield code='w'>(OCoLC)</subfield><subfield code='x'>1611-3349</subfield></datafield><datafield ind1='1' ind2=' ' tag='700'><subfield code='a'>Shoup, Victor.</subfield><subfield code='e'>editor.</subfield></datafield><datafield ind1='0' ind2='8' tag='776'><subfield code='i'>Printed edition:</subfield><subfield code='z'>9783540281146</subfield></datafield><datafield ind1=' ' ind2='0' tag='830'><subfield code='a'>Lecture Notes in Computer Science,</subfield><subfield code='x'>0302-9743 ;</subfield><subfield code='v'>3621</subfield></datafield><datafield ind1=' ' ind2=' ' tag='906'><subfield code='a'>BOOK</subfield></datafield><datafield ind1=' ' ind2=' ' tag='ADM'><subfield code='b'>2018-03-23 09:14:36</subfield><subfield code='e'>991000000000213164</subfield><subfield code='d'>NON_SFX</subfield><subfield code='f'>20151204183537.0</subfield><subfield code='a'>2012-02-25 22:43:25</subfield><subfield code='c'>false</subfield></datafield><datafield ind1=' ' ind2=' ' tag='PRT'><subfield code='a'>53366000290003811</subfield><subfield code='b'>https://sandbox01-na.alma.exlibrisgroup.com/view/uresolver/01TULI_INST/openurl?u.ignore_date_coverage=true&amp;rft.mms_id=991036797546903811</subfield><subfield code='e'>Springer Link</subfield><subfield code='9'>Available</subfield><subfield code='c'>SpringerLink Books Complete</subfield><subfield code='h'>611000000000001381</subfield><subfield code='8'>53366000290003811</subfield></datafield></record>