
  <record xmlns='http://www.loc.gov/MARC21/slim'><leader>04236nam a22005535i 4500</leader><controlfield tag='001'>991036797986403811</controlfield><controlfield tag='005'>20180327154723.0</controlfield><controlfield tag='006'>m     o  d |      </controlfield><controlfield tag='007'>cr nn 008mamaa</controlfield><controlfield tag='008'>100301s2006    gw |    o    |||| 0|eng d</controlfield><datafield ind1=' ' ind2=' ' tag='010'><subfield code='z'>  2006930607</subfield></datafield><datafield ind1=' ' ind2=' ' tag='020'><subfield code='a'>3-540-37433-7</subfield></datafield><datafield ind1='7' ind2=' ' tag='024'><subfield code='a'>10.1007/11818175</subfield><subfield code='2'>doi</subfield></datafield><datafield ind1=' ' ind2=' ' tag='035'><subfield code='a'>(CKB)1000000000283704</subfield></datafield><datafield ind1=' ' ind2=' ' tag='035'><subfield code='a'>(SSID)ssj0000315804</subfield></datafield><datafield ind1=' ' ind2=' ' tag='035'><subfield code='a'>(PQKBManifestationID)11233414</subfield></datafield><datafield ind1=' ' ind2=' ' tag='035'><subfield code='a'>(PQKBTitleCode)TC0000315804</subfield></datafield><datafield ind1=' ' ind2=' ' tag='035'><subfield code='a'>(PQKBWorkID)10262877</subfield></datafield><datafield ind1=' ' ind2=' ' tag='035'><subfield code='a'>(PQKB)11205775</subfield></datafield><datafield ind1=' ' ind2=' ' tag='035'><subfield code='a'>(DE-He213)978-3-540-37433-6</subfield></datafield><datafield ind1=' ' ind2=' ' tag='035'><subfield code='a'>(MiAaPQ)EBC3068051</subfield></datafield><datafield ind1=' ' ind2=' ' tag='035'><subfield code='a'>(EXLCZ)991000000000283704</subfield></datafield><datafield ind1=' ' ind2=' ' tag='040'><subfield code='a'>MiAaPQ</subfield><subfield code='c'>MiAaPQ</subfield><subfield code='d'>MiAaPQ</subfield></datafield><datafield ind1=' ' ind2=' ' tag='041'><subfield code='a'>eng</subfield></datafield><datafield ind1=' ' ind2='4' tag='050'><subfield code='a'>QA76.9.A25</subfield></datafield><datafield ind1=' ' ind2='7' tag='072'><subfield code='a'>URY</subfield><subfield code='2'>bicssc</subfield></datafield><datafield ind1=' ' ind2='7' tag='072'><subfield code='a'>COM053000</subfield><subfield code='2'>bisacsh</subfield></datafield><datafield ind1='0' ind2='4' tag='082'><subfield code='a'>005.82</subfield><subfield code='2'>23</subfield></datafield><datafield ind1=' ' ind2=' ' tag='100'><subfield code='a'>Dwork, Cynthia</subfield><subfield code='e'>Author</subfield></datafield><datafield ind1='2' ind2=' ' tag='111'><subfield code='a'>CRYPTO (Conference)</subfield><subfield code='n'>(26th :</subfield><subfield code='d'>2006 :</subfield><subfield code='c'>Santa Barbara, Calif.)</subfield></datafield><datafield ind1='1' ind2='0' tag='245'><subfield code='a'>Advances in Cryptology - CRYPTO 2006</subfield><subfield code='h'>[electronic resource] :</subfield><subfield code='b'>26th Annual International Cryptology Conference, Santa Barbara, California, USA, August 20-24, 2006. Proceedings /</subfield><subfield code='c'>edited by Cynthia Dwork.</subfield></datafield><datafield ind1=' ' ind2='1' tag='264'><subfield code='a'>Berlin, Heidelberg :</subfield><subfield code='b'>Springer Berlin Heidelberg,</subfield><subfield code='c'>2006.</subfield></datafield><datafield ind1=' ' ind2=' ' tag='300'><subfield code='a'>1 online resource (XIV, 622 p.) </subfield></datafield><datafield ind1=' ' ind2=' ' tag='336'><subfield code='a'>text</subfield><subfield code='b'>txt</subfield></datafield><datafield ind1=' ' ind2=' ' tag='337'><subfield code='a'>computer</subfield><subfield code='b'>c</subfield></datafield><datafield ind1=' ' ind2=' ' tag='338'><subfield code='a'>online resource</subfield><subfield code='b'>cr</subfield></datafield><datafield ind1=' ' ind2=' ' tag='347'><subfield code='a'>text file</subfield><subfield code='b'>PDF</subfield><subfield code='2'>rda</subfield></datafield><datafield ind1='1' ind2=' ' tag='490'><subfield code='a'>Lecture Notes in Computer Science,</subfield><subfield code='x'>0302-9743 ;</subfield><subfield code='v'>4117</subfield></datafield><datafield ind1=' ' ind2=' ' tag='500'><subfield code='a'>Bibliographic Level Mode of Issuance: Monograph</subfield></datafield><datafield ind1=' ' ind2=' ' tag='546'><subfield code='a'>English</subfield></datafield><datafield ind1=' ' ind2=' ' tag='504'><subfield code='a'>Includes bibliographical references and index.</subfield></datafield><datafield ind1='0' ind2=' ' tag='505'><subfield code='a'>Rigorous Bounds on Cryptanalytic Time/Memory Tradeoffs -- On the Power of the Randomized Iterate -- Strengthening Digital Signatures Via Randomized Hashing -- Round-Optimal Composable Blind Signatures in the Common Reference String Model -- On Signatures of Knowledge -- Non-interactive Zaps and New Techniques for NIZK -- Rankin’s Constant and Blockwise Lattice Reduction -- Lattice-Based Cryptography -- A Method for Making Password-Based Key Exchange Resilient to Server Compromise -- Mitigating Dictionary Attacks on Password-Protected Local Storage -- Rationality and Adversarial Behavior in Multi-party Computation -- When Random Sampling Preserves Privacy -- Tight Bounds for Unconditional Authentication Protocols in the Manual Channel and Shared Key Models -- Robust Fuzzy Extractors and Authenticated Key Agreement from Close Secrets -- On Forward-Secure Storage -- Construction of a Non-malleable Encryption Scheme from Any Semantically Secure One -- Anonymous Hierarchical Identity-Based Encryption (Without Random Oracles) -- Fast Algorithms for the Free Riders Problem in Broadcast Encryption -- The Number Field Sieve in the Medium Prime Case -- Inverting HFE Is Quasipolynomial -- Cryptanalysis of 2R? Schemes -- Receipt-Free Universally-Verifiable Voting with Everlasting Privacy -- Cryptographic Protocols for Electronic Voting -- Asymptotically Optimal Two-Round Perfectly Secure Message Transmission -- Random Selection with an Adversarial Majority -- Oblivious Transfer and Linear Functions -- On Expected Constant-Round Protocols for Byzantine Agreement -- Robust Multiparty Computation with Linear Communication Complexity -- On Combining Privacy with Guaranteed Output Delivery in Secure Multiparty Computation -- Scalable Secure Multiparty Computation -- Algebraic Geometric Secret Sharing Schemes and Secure Multi-Party Computations over Small Fields -- Automated Security Proofs with Sequences of Games -- On Robust Combiners for Private Information Retrieval and Other Primitives -- On the Impossibility of Efficiently Combining Collision Resistant Hash Functions -- On the Higher Order Nonlinearities of Algebraic Immune Functions -- New Proofs for NMAC and HMAC: Security Without Collision-Resistance.</subfield></datafield><datafield ind1=' ' ind2='0' tag='650'><subfield code='a'>Computer security</subfield><subfield code='v'>Congresses.</subfield></datafield><datafield ind1=' ' ind2='0' tag='650'><subfield code='a'>Cryptography</subfield><subfield code='v'>Congresses.</subfield></datafield><datafield ind1=' ' ind2='4' tag='655'><subfield code='a'>Electronic books.</subfield></datafield><datafield ind1='0' ind2=' ' tag='760'><subfield code='t'>Lecture notes in computer science</subfield><subfield code='w'>(CKB)954928560451</subfield><subfield code='w'>(DLC)92020465</subfield><subfield code='w'>(OCoLC)</subfield><subfield code='x'>1611-3349</subfield></datafield><datafield ind1=' ' ind2=' ' tag='776'><subfield code='z'>3-540-37432-9</subfield></datafield><datafield ind1='1' ind2=' ' tag='700'><subfield code='a'>Dwork, Cynthia.</subfield><subfield code='e'>editor.</subfield></datafield><datafield ind1=' ' ind2='0' tag='830'><subfield code='a'>Lecture Notes in Computer Science,</subfield><subfield code='x'>0302-9743 ;</subfield><subfield code='v'>4117</subfield></datafield><datafield ind1=' ' ind2=' ' tag='906'><subfield code='a'>PROCEEDING</subfield></datafield><datafield ind1=' ' ind2=' ' tag='ADM'><subfield code='b'>2018-03-29 05:09:28</subfield><subfield code='e'>991000000000283704</subfield><subfield code='d'>NON_SFX</subfield><subfield code='f'>20151204151750.0</subfield><subfield code='a'>2012-02-25 23:54:56</subfield><subfield code='c'>false</subfield></datafield><datafield ind1=' ' ind2=' ' tag='PRT'><subfield code='a'>53366085330003811</subfield><subfield code='b'>https://sandbox01-na.alma.exlibrisgroup.com/view/uresolver/01TULI_INST/openurl?u.ignore_date_coverage=true&amp;rft.mms_id=991036797986403811</subfield><subfield code='e'>Springer Link</subfield><subfield code='9'>Available</subfield><subfield code='c'>SpringerLink Books Complete</subfield><subfield code='h'>611000000000001381</subfield><subfield code='8'>53366085330003811</subfield></datafield></record>