
  <record xmlns='http://www.loc.gov/MARC21/slim'><leader>04423nam a22006493u 4500</leader><controlfield tag='001'>991036745267103811</controlfield><controlfield tag='005'>20170821174619.0</controlfield><controlfield tag='006'>m        d        </controlfield><controlfield tag='007'>cr -n---------</controlfield><controlfield tag='008'>151005s1993|||||||     s|||||||||||eng|d</controlfield><datafield ind1=' ' ind2=' ' tag='020'><subfield code='a'>1-4384-0113-2</subfield></datafield><datafield ind1=' ' ind2=' ' tag='035'><subfield code='a'>(CKB)2670000000233936</subfield></datafield><datafield ind1=' ' ind2=' ' tag='035'><subfield code='a'>(EBL)3408313</subfield></datafield><datafield ind1=' ' ind2=' ' tag='035'><subfield code='a'>(SSID)ssj0000261003</subfield></datafield><datafield ind1=' ' ind2=' ' tag='035'><subfield code='a'>(PQKBManifestationID)11212419</subfield></datafield><datafield ind1=' ' ind2=' ' tag='035'><subfield code='a'>(PQKBTitleCode)TC0000261003</subfield></datafield><datafield ind1=' ' ind2=' ' tag='035'><subfield code='a'>(PQKBWorkID)10225320</subfield></datafield><datafield ind1=' ' ind2=' ' tag='035'><subfield code='a'>(PQKB)10482131</subfield></datafield><datafield ind1=' ' ind2=' ' tag='035'><subfield code='a'>(EXLCZ)992670000000233936</subfield></datafield><datafield ind1=' ' ind2=' ' tag='040'><subfield code='a'>AU-PeEL</subfield><subfield code='b'>eng</subfield><subfield code='c'>AU-PeEL</subfield><subfield code='d'>AU-PeEL</subfield></datafield><datafield ind1=' ' ind2=' ' tag='041'><subfield code='a'>eng</subfield></datafield><datafield ind1=' ' ind2='4' tag='050'><subfield code='a'>PQ7081.A1.T73 1993eb</subfield></datafield><datafield ind1='0' ind2='0' tag='082'><subfield code='a'>860.9/98/089924</subfield></datafield><datafield ind1='1' ind2=' ' tag='100'><subfield code='a'>DiAntonio, Robert.</subfield></datafield><datafield ind1='1' ind2='0' tag='245'><subfield code='a'>Tradition and Innovation</subfield><subfield code='h'>[electronic resource] :</subfield><subfield code='b'>Reflections on Latin American Jewish Writing</subfield></datafield><datafield ind1=' ' ind2=' ' tag='246'><subfield code='a'>Tradition and Innovation </subfield></datafield><datafield ind1=' ' ind2=' ' tag='246'><subfield code='a'>Tradition and Innovation: Reflections on Latin American Jewish Writing</subfield></datafield><datafield ind1=' ' ind2=' ' tag='246'><subfield code='a'>SUNY Series in Modern Jewish Literature and Culture </subfield></datafield><datafield ind1=' ' ind2=' ' tag='260'><subfield code='a'>Albany :</subfield><subfield code='b'>State University of New York Press,</subfield><subfield code='c'>1993.</subfield></datafield><datafield ind1=' ' ind2=' ' tag='300'><subfield code='a'>1 online resource (235 p.)</subfield></datafield><datafield ind1=' ' ind2=' ' tag='336'><subfield code='a'>text</subfield><subfield code='b'>txt</subfield></datafield><datafield ind1=' ' ind2=' ' tag='337'><subfield code='a'>computer</subfield><subfield code='b'>c</subfield></datafield><datafield ind1=' ' ind2=' ' tag='338'><subfield code='a'>online resource</subfield><subfield code='b'>cr</subfield></datafield><datafield ind1='1' ind2=' ' tag='490'><subfield code='a'>SUNY Series in Modern Jewish Literature and Culture</subfield></datafield><datafield ind1=' ' ind2=' ' tag='500'><subfield code='a'>Description based upon print version of record.</subfield></datafield><datafield ind1='0' ind2=' ' tag='505'><subfield code='a'>&quot;&quot;Front Matter &quot;&quot;; &quot;&quot;Title Page &quot;&quot;; &quot;&quot;Copyright Page &quot;&quot;; &quot;&quot;Half Title Page &quot;&quot;; &quot;&quot;Table of Contents &quot;&quot;; &quot;&quot;Introduction I &quot;&quot;; &quot;&quot;I&quot;&quot;; &quot;&quot;II&quot;&quot;; &quot;&quot;III&quot;&quot;; &quot;&quot;IV&quot;&quot;; &quot;&quot;V&quot;&quot;; &quot;&quot;Introduction II: The Authors Speak For Themselves &quot;&quot;; &quot;&quot;MARCOS AGUINIS, Argentina&quot;&quot;; &quot;&quot;SABINA BERMAN, Mexico&quot;&quot;; &quot;&quot;ARIEL DORFMAN, Chile&quot;&quot;; &quot;&quot;RICHARDO FEIERSTEIN, Argentina&quot;&quot;; &quot;&quot;MANUELA FINGUERET, Argentina&quot;&quot;; &quot;&quot;LUISA FUTORANSKY, Argentina, France&quot;&quot;; &quot;&quot;MARGO GLANTZ, Mexico&quot;&quot;; &quot;&quot;GERARDO MARIO GOLOBOFF, Argentina, France&quot;&quot;; &quot;&quot;DANIEL GUTMAN, Argentina&quot;&quot;; &quot;&quot;RICARDO HALAC, Argentina&quot;&quot;; &quot;&quot;JOSE KOZER, Cuba, U.S.&quot;&quot;</subfield></datafield><datafield ind1='8' ind2=' ' tag='505'><subfield code='a'>&quot;&quot;ANGELINA MUNIZ, Mexico&quot;&quot;&quot;&quot;SAMUEL ROVINSKI, Costa Rica&quot;&quot;; &quot;&quot;MOACYR SCLIAR, Brazil&quot;&quot;; &quot;&quot;ESTHER SELIGSON, Mexico&quot;&quot;; &quot;&quot;ELIAHU TOKER, Argentina&quot;&quot;; &quot;&quot;Content &quot;&quot;; &quot;&quot;Jewish Latin American Writers and Collective Memory &quot;&quot;; &quot;&quot;Resonances of the Yiddishkeit Tradition in the Contemporary Brazilian Narrative &quot;&quot;; &quot;&quot;I&quot;&quot;; &quot;&quot;II&quot;&quot;; &quot;&quot;III&quot;&quot;; &quot;&quot;IV&quot;&quot;; &quot;&quot;V&quot;&quot;; &quot;&quot;Urban life and Jewish Memory in the Tales of Moacyr Scliar and Nora Glickman &quot;&quot;; &quot;&quot;The Complex Roses of Jerusalem: The Theme of Israel in Argentinian Jewish Poetry &quot;&quot;; &quot;&quot;I&quot;&quot;; &quot;&quot;II&quot;&quot;; &quot;&quot;III&quot;&quot;; &quot;&quot;IV&quot;&quot;; &quot;&quot;V&quot;&quot;; &quot;&quot;Jacobo Fijman: Jewish Poet? &quot;&quot;; &quot;&quot;REFERENCES&quot;&quot;</subfield></datafield><datafield ind1='8' ind2=' ' tag='505'><subfield code='a'>&quot;&quot;Matrimony and Religious Conflict: Bernardo Gravier&apos;s El hijo del rabino &quot;&quot;&quot;&quot;Jewish Identity, Pluralism, and Survival: Feierstein&apos;s Mestizo as Minority Discourse&quot;&quot;; &quot;&quot;REFERENCES&quot;&quot;; &quot;&quot;Metaphors of Disorder and Displacement in Mil anos, un dia, by Ricardo Halac &quot;&quot;; &quot;&quot;Noah in the Pampas: Syncretism in Goloboff&apos;s Criador de palomas &quot;&quot;; &quot;&quot;REFERENCES&quot;&quot;; &quot;&quot;Marcos Aguinis: Shifting lines of Difference Between the Other and the Self &quot;&quot;; &quot;&quot;REFERENCES&quot;&quot;; &quot;&quot;Lispector&apos;s Rethinking of Biblicala nd Mystical Discourse &quot;&quot;; &quot;&quot;REFERENCES&quot;&quot;</subfield></datafield><datafield ind1='8' ind2=' ' tag='505'><subfield code='a'>&quot;&quot;Aspects of the Jewish Presence in the Brazilian Narrative: The &quot;&quot;Crypto-Jews&quot;&quot; &quot;&quot;&quot;&quot;Ethnic Identity in the Plays of Sabina Berman &quot;&quot;; &quot;&quot;Angelina Muniz&apos;s Tierra adentro: (Re)creating the Subject &quot;&quot;; &quot;&quot;Visions of Esther Seligson &quot;&quot;; &quot;&quot;The Family, the World &quot;&quot;; &quot;&quot;REFERENCES&quot;&quot;; &quot;&quot;Samuel Rovinski and the Dual Identity &quot;&quot;; &quot;&quot;Conflict A&quot;&quot;; &quot;&quot;Conflict B&quot;&quot;; &quot;&quot;Back Matter &quot;&quot;; &quot;&quot;Contributors&quot;&quot;</subfield></datafield><datafield ind1=' ' ind2=' ' tag='546'><subfield code='a'>English</subfield></datafield><datafield ind1=' ' ind2='4' tag='650'><subfield code='a'>Jews -- Latin America -- Intellectual life.</subfield></datafield><datafield ind1=' ' ind2='4' tag='650'><subfield code='a'>Jews in literature.</subfield></datafield><datafield ind1=' ' ind2='4' tag='650'><subfield code='a'>Judaism and literature -- Latin America.</subfield></datafield><datafield ind1=' ' ind2='4' tag='650'><subfield code='a'>Latin American literature -- 20th century -- History and criticism.</subfield></datafield><datafield ind1=' ' ind2='4' tag='650'><subfield code='a'>Latin American literature -- Jewish authors -- History and criticism.</subfield></datafield><datafield ind1=' ' ind2='0' tag='655'><subfield code='a'>Electronic books.</subfield></datafield><datafield ind1=' ' ind2='0' tag='650'><subfield code='a'>Latin American literature</subfield><subfield code='x'>Jewish authors</subfield><subfield code='x'>History and criticism</subfield><subfield code='y'>20th century</subfield><subfield code='z'>Latin America</subfield></datafield><datafield ind1=' ' ind2='0' tag='650'><subfield code='a'>Latin American literature</subfield><subfield code='x'>History and criticism</subfield><subfield code='z'>Latin America</subfield></datafield><datafield ind1=' ' ind2='0' tag='650'><subfield code='a'>Jews</subfield><subfield code='x'>Intellectual life</subfield></datafield><datafield ind1=' ' ind2='0' tag='650'><subfield code='a'>Judaism and literature</subfield></datafield><datafield ind1=' ' ind2='0' tag='650'><subfield code='a'>Jews in literature</subfield></datafield><datafield ind1=' ' ind2='7' tag='650'><subfield code='a'>Spanish Literature</subfield><subfield code='2'>HILCC</subfield></datafield><datafield ind1=' ' ind2='7' tag='650'><subfield code='a'>Romance Literatures</subfield><subfield code='2'>HILCC</subfield></datafield><datafield ind1=' ' ind2='7' tag='650'><subfield code='a'>Languages &amp; Literatures</subfield><subfield code='2'>HILCC</subfield></datafield><datafield ind1='1' ind2=' ' tag='700'><subfield code='a'>Glickman, Nora.</subfield></datafield><datafield ind1=' ' ind2=' ' tag='776'><subfield code='z'>0-7914-1509-0</subfield></datafield><datafield ind1=' ' ind2='0' tag='830'><subfield code='a'>SUNY Series in Modern Jewish Literature and Culture</subfield></datafield><datafield ind1=' ' ind2=' ' tag='906'><subfield code='a'>BOOK</subfield></datafield><datafield ind1=' ' ind2=' ' tag='PRT'><subfield code='a'>53421507690003811</subfield><subfield code='b'>https://sandbox01-na.alma.exlibrisgroup.com/view/uresolver/01TULI_INST/openurl?u.ignore_date_coverage=true&amp;rft.mms_id=991036745267103811</subfield><subfield code='e'>Ebook Central</subfield><subfield code='c'>Ebook Central Academic Complete</subfield><subfield code='h'>614200000000000002</subfield><subfield code='8'>53421507690003811</subfield></datafield></record>