
  <record xmlns='http://www.loc.gov/MARC21/slim'><leader>04467nam a22005895i 4500</leader><controlfield tag='001'>991036798262203811</controlfield><controlfield tag='005'>20180327170744.0</controlfield><controlfield tag='006'>m     o  d |      </controlfield><controlfield tag='007'>cr -n---------</controlfield><controlfield tag='008'>100301s2007    gw |    o    |||| 0|eng d</controlfield><datafield ind1=' ' ind2=' ' tag='010'><subfield code='z'>  2007932207</subfield></datafield><datafield ind1=' ' ind2=' ' tag='020'><subfield code='a'>1-280-96985-7</subfield></datafield><datafield ind1=' ' ind2=' ' tag='020'><subfield code='a'>9786610969852</subfield></datafield><datafield ind1=' ' ind2=' ' tag='020'><subfield code='a'>3-540-74143-7</subfield></datafield><datafield ind1='7' ind2=' ' tag='024'><subfield code='a'>10.1007/978-3-540-74143-5</subfield><subfield code='2'>doi</subfield></datafield><datafield ind1=' ' ind2=' ' tag='035'><subfield code='a'>(CKB)1000000000490235</subfield></datafield><datafield ind1=' ' ind2=' ' tag='035'><subfield code='a'>(EBL)3061664</subfield></datafield><datafield ind1=' ' ind2=' ' tag='035'><subfield code='a'>(SSID)ssj0000288098</subfield></datafield><datafield ind1=' ' ind2=' ' tag='035'><subfield code='a'>(PQKBManifestationID)11248421</subfield></datafield><datafield ind1=' ' ind2=' ' tag='035'><subfield code='a'>(PQKBTitleCode)TC0000288098</subfield></datafield><datafield ind1=' ' ind2=' ' tag='035'><subfield code='a'>(PQKBWorkID)10373438</subfield></datafield><datafield ind1=' ' ind2=' ' tag='035'><subfield code='a'>(PQKB)10108799</subfield></datafield><datafield ind1=' ' ind2=' ' tag='035'><subfield code='a'>(DE-He213)978-3-540-74143-5</subfield></datafield><datafield ind1=' ' ind2=' ' tag='035'><subfield code='a'>(MiAaPQ)EBC3061664</subfield></datafield><datafield ind1=' ' ind2=' ' tag='035'><subfield code='a'>(EXLCZ)991000000000490235</subfield></datafield><datafield ind1=' ' ind2=' ' tag='040'><subfield code='a'>MiAaPQ</subfield><subfield code='c'>MiAaPQ</subfield><subfield code='d'>MiAaPQ</subfield></datafield><datafield ind1=' ' ind2=' ' tag='041'><subfield code='a'>eng</subfield></datafield><datafield ind1=' ' ind2='4' tag='050'><subfield code='a'>QA76.9.A25</subfield></datafield><datafield ind1=' ' ind2='7' tag='072'><subfield code='a'>URY</subfield><subfield code='2'>bicssc</subfield></datafield><datafield ind1=' ' ind2='7' tag='072'><subfield code='a'>COM053000</subfield><subfield code='2'>bisacsh</subfield></datafield><datafield ind1='0' ind2='0' tag='082'><subfield code='a'>005.8</subfield></datafield><datafield ind1='1' ind2=' ' tag='100'><subfield code='a'>Hutchison, David.</subfield></datafield><datafield ind1='2' ind2=' ' tag='111'><subfield code='a'>CRYPTO (Conference)</subfield><subfield code='n'>(27th :</subfield><subfield code='d'>2007 :</subfield><subfield code='c'>Santa Barbara, Calif.)</subfield></datafield><datafield ind1='1' ind2='0' tag='245'><subfield code='a'>Advances in Cryptology - CRYPTO 2007</subfield><subfield code='h'>[electronic resource] :</subfield><subfield code='b'>27th Annual International Cryptology Conference, Santa Barbara, CA, USA, August 19-23, 2007. Proceedings /</subfield><subfield code='c'>edited by Alfred Menezes.</subfield></datafield><datafield ind1=' ' ind2='1' tag='264'><subfield code='a'>Berlin, Heidelberg :</subfield><subfield code='b'>Springer Berlin Heidelberg,</subfield><subfield code='c'>2007.</subfield></datafield><datafield ind1=' ' ind2=' ' tag='300'><subfield code='a'>1 online resource (642 p.)</subfield></datafield><datafield ind1=' ' ind2=' ' tag='336'><subfield code='a'>text</subfield><subfield code='b'>txt</subfield></datafield><datafield ind1=' ' ind2=' ' tag='337'><subfield code='a'>computer</subfield><subfield code='b'>c</subfield></datafield><datafield ind1=' ' ind2=' ' tag='338'><subfield code='a'>online resource</subfield><subfield code='b'>cr</subfield></datafield><datafield ind1=' ' ind2=' ' tag='347'><subfield code='a'>text file</subfield><subfield code='b'>PDF</subfield><subfield code='2'>rda</subfield></datafield><datafield ind1='1' ind2=' ' tag='490'><subfield code='a'>Lecture Notes in Computer Science,</subfield><subfield code='x'>0302-9743 ;</subfield><subfield code='v'>4622</subfield></datafield><datafield ind1=' ' ind2=' ' tag='500'><subfield code='a'>Description based upon print version of record.</subfield></datafield><datafield ind1=' ' ind2=' ' tag='546'><subfield code='a'>English</subfield></datafield><datafield ind1=' ' ind2=' ' tag='504'><subfield code='a'>Includes bibliographical references and index.</subfield></datafield><datafield ind1='0' ind2=' ' tag='505'><subfield code='a'>Cryptanalysis I -- Practical Cryptanalysis of SFLASH -- Full Key-Recovery Attacks on HMAC/NMAC-MD4 and NMAC-MD5 -- Secure Searching -- How Should We Solve Search Problems Privately? -- Public Key Encryption That Allows PIR Queries -- Invited Talk -- Information Security Economics – and Beyond -- Theory I -- Cryptography with Constant Input Locality -- Universally-Composable Two-Party Computation in Two Rounds -- Indistinguishability Amplification -- Lattices -- A Hybrid Lattice-Reduction and Meet-in-the-Middle Attack Against NTRU -- Improved Analysis of Kannan’s Shortest Lattice Vector Algorithm -- Random Oracles -- Domain Extension of Public Random Functions: Beyond the Birthday Barrier -- Random Oracles and Auxiliary Input -- Hash Functions -- Security-Amplifying Combiners for Collision-Resistant Hash Functions -- Hash Functions and the (Amplified) Boomerang Attack -- Amplifying Collision Resistance: A Complexity-Theoretic Treatment -- Theory II -- How Many Oblivious Transfers Are Needed for Secure Multiparty Computation? -- Simulatable VRFs with Applications to Multi-theorem NIZK -- Cryptography in the Multi-string Model -- Quantum Cryptography -- Secure Identification and QKD in the Bounded-Quantum-Storage Model -- A Tight High-Order Entropic Quantum Uncertainty Relation with Applications -- Cryptanalysis II -- Finding Small Roots of Bivariate Integer Polynomial Equations: A Direct Approach -- A Polynomial Time Attack on RSA with Private CRT-Exponents Smaller Than N 0.073 -- Encryption -- Invertible Universal Hashing and the TET Encryption Mode -- Reducing Trust in the PKG in Identity Based Cryptosystems -- Pirate Evolution: How to Make the Most of Your Traitor Keys -- Protocol Analysis -- A Security Analysis of the NIST SP 800-90 Elliptic Curve Random Number Generator -- A Generalization of DDH with Applications to Protocol Analysis and Computational Soundness -- Chernoff-Type Direct Product Theorems -- Public-Key Encryption -- Rerandomizable RCCA Encryption -- Deterministic and Efficiently Searchable Encryption -- Secure Hybrid Encryption from Weakened Key Encapsulation -- Multi-party Computation -- Scalable and Unconditionally Secure Multiparty Computation -- On Secure Multi-party Computation in Black-Box Groups -- A Note on Secure Computation of the Moore-Penrose Pseudoinverse and Its Application to Secure Linear Algebra.</subfield></datafield><datafield ind1=' ' ind2='0' tag='650'><subfield code='a'>Computers</subfield><subfield code='x'>Access control</subfield><subfield code='v'>Congresses.</subfield></datafield><datafield ind1=' ' ind2='0' tag='650'><subfield code='a'>Cryptography</subfield><subfield code='v'>Congresses.</subfield></datafield><datafield ind1=' ' ind2='4' tag='655'><subfield code='a'>Electronic books.</subfield></datafield><datafield ind1='0' ind2=' ' tag='760'><subfield code='t'>Lecture notes in computer science</subfield><subfield code='w'>(CKB)954928560451</subfield><subfield code='w'>(DLC)92020465</subfield><subfield code='w'>(OCoLC)</subfield><subfield code='x'>1611-3349</subfield></datafield><datafield ind1=' ' ind2=' ' tag='776'><subfield code='z'>3-540-74142-9</subfield></datafield><datafield ind1='1' ind2=' ' tag='700'><subfield code='a'>Menezes, Alfred.</subfield><subfield code='e'>editor.</subfield></datafield><datafield ind1=' ' ind2='0' tag='830'><subfield code='a'>Lecture Notes in Computer Science,</subfield><subfield code='x'>0302-9743 ;</subfield><subfield code='v'>4622</subfield></datafield><datafield ind1=' ' ind2=' ' tag='906'><subfield code='a'>PROCEEDING</subfield></datafield><datafield ind1=' ' ind2=' ' tag='ADM'><subfield code='b'>2018-03-29 10:27:56</subfield><subfield code='e'>991000000000490235</subfield><subfield code='d'>NON_SFX</subfield><subfield code='f'>20151204173549.0</subfield><subfield code='a'>2012-02-25 23:52:56</subfield><subfield code='c'>false</subfield></datafield><datafield ind1=' ' ind2=' ' tag='PRT'><subfield code='a'>53366156490003811</subfield><subfield code='b'>https://sandbox01-na.alma.exlibrisgroup.com/view/uresolver/01TULI_INST/openurl?u.ignore_date_coverage=true&amp;rft.mms_id=991036798262203811</subfield><subfield code='e'>Springer Link</subfield><subfield code='9'>Available</subfield><subfield code='c'>SpringerLink Books Complete</subfield><subfield code='h'>611000000000001381</subfield><subfield code='8'>53366156490003811</subfield></datafield></record>