
  <record xmlns='http://www.loc.gov/MARC21/slim'><leader>04539cam a2200493 i 4500</leader><controlfield tag='005'>20180210141712.0</controlfield><controlfield tag='008'>161006s2016    inu      b    001 0ceng  </controlfield><controlfield tag='001'>991036851571503811</controlfield><datafield ind1=' ' ind2=' ' tag='010'><subfield code='a'>  2016045755</subfield></datafield><datafield ind1=' ' ind2=' ' tag='019'><subfield code='a'>949913231</subfield><subfield code='a'>969940249</subfield></datafield><datafield ind1=' ' ind2=' ' tag='020'><subfield code='a'>9780253024015</subfield><subfield code='q'>(cloth ;</subfield><subfield code='q'>alk. paper)</subfield></datafield><datafield ind1=' ' ind2=' ' tag='020'><subfield code='a'>0253024013</subfield><subfield code='q'>(cloth ;</subfield><subfield code='q'>alk. paper)</subfield></datafield><datafield ind1=' ' ind2=' ' tag='020'><subfield code='z'>9780253024091</subfield></datafield><datafield ind1='8' ind2=' ' tag='024'><subfield code='a'>40026744322</subfield></datafield><datafield ind1=' ' ind2=' ' tag='035'><subfield code='a'>(OCoLC)960106626</subfield></datafield><datafield ind1=' ' ind2=' ' tag='040'><subfield code='a'>DLC</subfield><subfield code='b'>eng</subfield><subfield code='e'>rda</subfield><subfield code='c'>DLC</subfield><subfield code='d'>OSU</subfield><subfield code='d'>YDX</subfield><subfield code='d'>YUS</subfield><subfield code='d'>PUL</subfield><subfield code='d'>YDXCP</subfield><subfield code='d'>BTCTA</subfield><subfield code='d'>BDX</subfield><subfield code='d'>VA@</subfield><subfield code='d'>OBE</subfield><subfield code='d'>OCLCQ</subfield><subfield code='d'>CHVBK</subfield><subfield code='d'>OCLCO</subfield></datafield><datafield ind1='1' ind2=' ' tag='041'><subfield code='a'>eng</subfield><subfield code='h'>spa</subfield></datafield><datafield ind1=' ' ind2=' ' tag='042'><subfield code='a'>pcc</subfield></datafield><datafield ind1=' ' ind2=' ' tag='043'><subfield code='a'>e-sp---</subfield></datafield><datafield ind1='0' ind2='0' tag='050'><subfield code='a'>DS135.S8</subfield><subfield code='b'>A165 2016</subfield></datafield><datafield ind1='0' ind2='0' tag='082'><subfield code='a'>970.004/924009246</subfield><subfield code='2'>23</subfield></datafield><datafield ind1='1' ind2=' ' tag='100'><subfield code='a'>Perelis, Ronnie,</subfield><subfield code='e'>author.</subfield></datafield><datafield ind1='1' ind2='0' tag='245'><subfield code='a'>Narratives from the Sephardic Atlantic :</subfield><subfield code='b'>blood and faith /</subfield><subfield code='c'>Ronnie Perelis.</subfield></datafield><datafield ind1=' ' ind2='1' tag='264'><subfield code='a'>Bloomington and Indianapolis :</subfield><subfield code='b'>Indiana University Press,</subfield><subfield code='c'>[2016]</subfield></datafield><datafield ind1=' ' ind2=' ' tag='300'><subfield code='a'>xii, 177 pages ;</subfield><subfield code='c'>24 cm.</subfield></datafield><datafield ind1=' ' ind2=' ' tag='336'><subfield code='a'>text</subfield><subfield code='b'>txt</subfield><subfield code='2'>rdacontent</subfield></datafield><datafield ind1=' ' ind2=' ' tag='337'><subfield code='a'>unmediated</subfield><subfield code='b'>n</subfield><subfield code='2'>rdamedia</subfield></datafield><datafield ind1=' ' ind2=' ' tag='338'><subfield code='a'>volume</subfield><subfield code='b'>nc</subfield><subfield code='2'>rdacarrier</subfield></datafield><datafield ind1='1' ind2=' ' tag='490'><subfield code='a'>Indiana series in Sephardi and Mizrahi studies</subfield></datafield><datafield ind1=' ' ind2=' ' tag='504'><subfield code='a'>Includes bibliographical references (pages 159-167) and index.</subfield></datafield><datafield ind1='0' ind2=' ' tag='505'><subfield code='a'>1. Audience and archive: text, context, and the literary construction of experience -- 2. &quot;Hermanos en el senor&quot;: spiritual and social fraternity and paternity in Luis de Carvajal, el Mozo&apos;s spiritual autobiography (Mexico 1595) -- 3. A prophetic matrix: motherhood, sorority and a re-imagined sagrada familia -- 4. Writing his way into the Jewish people: faith, blood and community in Manuel Cardoso de Macedo&apos;s Vida del Buenaventurado Abraham Pelengrino -- 5. &quot;All of us are brothers&quot;: race, faith and the limits of brotherhood in the relacion of Antonio de Montezinos, Alias Aharon Halevi (1644).</subfield></datafield><datafield ind1=' ' ind2=' ' tag='520'><subfield code='a'>&quot;Identity, family, and community unite three autobiographical texts by New World Crypto-Jews, or descendants of Jews who were forced to convert to Christianity in 17th-century Iberia and Spanish America. Ronnie Perelis presents the fascinating stories of three men who were caught within the matrix of inquisitorial persecution, expanding global trade, and the network of Crypto-Jewish activity. Each text, translated here for the first time, reflects the unique experiences of the author and illuminates their shared, deeply rooted attachment to Iberian culture, their Atlantic peregrinations, and their hunger for spiritual enlightenment. Through these writings, Perelis focuses on the social history of transatlantic travel, the economies of trade that linked Europe to the Americas, and the physical and spiritual journeys that injected broader religious and cultural concerns into this complex historical moment&quot;--</subfield><subfield code='c'>Provided by publisher.</subfield></datafield><datafield ind1=' ' ind2=' ' tag='520'><subfield code='a'>Blood and Dreams looks at three autobiographical texts written by individuals caught within the matrix of inquisitorial persecution, expanding global trade and crypto-Jewish activity in the early modern period. Luis de Carvajal, el mozo (1567-1596), also known as Joseph Lumbroso moved from Spain to Mexico when he was a teenager in 1580 and began writing his spiritual autobiography after his first inquisitorial trial in 1589. The Portuguese merchant Antonio de Montezinos (1604-1647), recounts his life-changing encounter with the lost tribe of Reuben living in the northern Andes. His account dates to 1644 but was only published in 1650 as part of Menasseh ben Israel&apos;s treatise on the fate of the Lost Tribes, Mikveh Israel/ Esperanza de Israel. Manuel Cardoso de Macedo (1585-1652) was an Azorean Old Christian who first embraced Calvinism before leaving Christianity behind and converting to Judaism. He wrote his spiritual autobiography, La Vida del buenaventurado Abraham Pelengrino Guer while living as a Jew in Amsterdam at some point after the 1620&apos;s.</subfield></datafield><datafield ind1=' ' ind2=' ' tag='546'><subfield code='a'>Translated from the Spanish.</subfield></datafield><datafield ind1='1' ind2='0' tag='600'><subfield code='a'>Carvajal, Luis de,</subfield><subfield code='d'>1567?-1596.</subfield></datafield><datafield ind1='1' ind2='0' tag='600'><subfield code='a'>Mello, João Manuel Cardoso de.</subfield></datafield><datafield ind1='1' ind2='0' tag='600'><subfield code='a'>Montezinos, Antonio de,</subfield><subfield code='d'>active 17th century.</subfield></datafield><datafield ind1=' ' ind2='0' tag='650'><subfield code='a'>Crypto-Jews</subfield><subfield code='z'>Spain</subfield><subfield code='v'>Biography.</subfield></datafield><datafield ind1='0' ind2='8' tag='776'><subfield code='i'>Online version:</subfield><subfield code='a'>Perelis, Ronnie.</subfield><subfield code='t'>Narratives from the Sephardi Atlantic.</subfield><subfield code='b'>First edition.</subfield><subfield code='d'>Bloomington and Indianapolis : Indiana University Press, 2017</subfield><subfield code='z'>9780253024091</subfield><subfield code='w'>(DLC)  2016046921</subfield></datafield><datafield ind1=' ' ind2='0' tag='830'><subfield code='a'>Indiana series in Sephardi and Mizrahi studies.</subfield></datafield><datafield ind1=' ' ind2=' ' tag='960'><subfield code='k'>MAIN</subfield><subfield code='g'>MONOGRAPH</subfield><subfield code='l'>stacks</subfield><subfield code='o'>1</subfield><subfield code='q'>120717</subfield><subfield code='s'>44.28</subfield><subfield code='u'>1jhif</subfield><subfield code='v'>coutt</subfield></datafield><datafield ind1=' ' ind2=' ' tag='961'><subfield code='f'>acqrat</subfield><subfield code='i'>34564582</subfield></datafield><datafield ind1=' ' ind2=' ' tag='979'><subfield code='a'>(OCoLC)960106626</subfield></datafield><datafield ind1=' ' ind2=' ' tag='997'><subfield code='a'>20180115</subfield><subfield code='d'>TEU</subfield><subfield code='c'>COUTTS SR</subfield><subfield code='e'>WCAT</subfield><subfield code='e'>MARCIVE</subfield></datafield><datafield ind1=' ' ind2=' ' tag='ADM'><subfield code='b'>2018-02-10 19:17:12</subfield><subfield code='e'>991036851571503811</subfield><subfield code='d'>MARCIVE</subfield><subfield code='f'>20180205130404.0</subfield><subfield code='a'>2017-12-07 20:48:12</subfield><subfield code='c'>false</subfield></datafield><datafield ind1='0' ind2=' ' tag='HLD'><subfield code='b'>MAIN</subfield><subfield code='c'>stacks</subfield><subfield code='h'>DS135.S8</subfield><subfield code='i'>A165 2016</subfield><subfield code='8'>22404031460003811</subfield></datafield><datafield ind1=' ' ind2=' ' tag='ITM'><subfield code='r'>22404031460003811</subfield><subfield code='b'>1</subfield><subfield code='h'>0</subfield><subfield code='g'>stacks</subfield><subfield code='t'>BOOK</subfield><subfield code='9'>39074026720763</subfield><subfield code='e'>stacks</subfield><subfield code='l'>0</subfield><subfield code='8'>23404031450003811</subfield><subfield code='j'>0</subfield><subfield code='a'>0</subfield><subfield code='q'>2017-12-07 20:48:17</subfield><subfield code='i'>DS135.S8 A165 2016</subfield><subfield code='d'>MAIN</subfield><subfield code='f'>MAIN</subfield></datafield></record>