
  <record xmlns='http://www.loc.gov/MARC21/slim'><leader>04693nam  2200541Ia 4500</leader><controlfield tag='001'>991036746587703811</controlfield><controlfield tag='005'>20180112194608.0</controlfield><controlfield tag='006'>m     o  d |      </controlfield><controlfield tag='008'>100310s2010    nl a    ob    001 0 eng d</controlfield><datafield ind1=' ' ind2=' ' tag='020'><subfield code='a'>90-04-25370-X</subfield></datafield><datafield ind1=' ' ind2=' ' tag='035'><subfield code='a'>(CKB)2670000000395237</subfield></datafield><datafield ind1=' ' ind2=' ' tag='035'><subfield code='a'>(EBL)1342570</subfield></datafield><datafield ind1=' ' ind2=' ' tag='035'><subfield code='a'>(OCoLC)855969912</subfield></datafield><datafield ind1=' ' ind2=' ' tag='035'><subfield code='a'>(SSID)ssj0000976652</subfield></datafield><datafield ind1=' ' ind2=' ' tag='035'><subfield code='a'>(PQKBManifestationID)11623418</subfield></datafield><datafield ind1=' ' ind2=' ' tag='035'><subfield code='a'>(PQKBTitleCode)TC0000976652</subfield></datafield><datafield ind1=' ' ind2=' ' tag='035'><subfield code='a'>(PQKBWorkID)11034041</subfield></datafield><datafield ind1=' ' ind2=' ' tag='035'><subfield code='a'>(PQKB)10378518</subfield></datafield><datafield ind1=' ' ind2=' ' tag='035'><subfield code='a'>(MiAaPQ)EBC1342570</subfield></datafield><datafield ind1=' ' ind2=' ' tag='035'><subfield code='a'>(EXLCZ)992670000000395237</subfield></datafield><datafield ind1=' ' ind2=' ' tag='040'><subfield code='a'>MiAaPQ</subfield><subfield code='c'>MiAaPQ</subfield><subfield code='d'>MiAaPQ</subfield></datafield><datafield ind1=' ' ind2=' ' tag='041'><subfield code='a'>eng</subfield></datafield><datafield ind1=' ' ind2='4' tag='050'><subfield code='a'>F2431.J4</subfield><subfield code='b'>V56 2010</subfield></datafield><datafield ind1='0' ind2='0' tag='082'><subfield code='a'>929.50899240883</subfield></datafield><datafield ind1='1' ind2=' ' tag='100'><subfield code='a'>Vink, Wieke.</subfield></datafield><datafield ind1='1' ind2='0' tag='245'><subfield code='a'>Creole Jews</subfield><subfield code='h'>[electronic resource] :</subfield><subfield code='b'>negotiating community in colonial Suriname /</subfield><subfield code='c'>Wieke Vink.</subfield></datafield><datafield ind1=' ' ind2=' ' tag='260'><subfield code='a'>Leiden, The Netherlands :</subfield><subfield code='b'>KITLV Press,</subfield><subfield code='c'>2010.</subfield></datafield><datafield ind1=' ' ind2=' ' tag='300'><subfield code='a'>1 online resource (320 p.)</subfield></datafield><datafield ind1=' ' ind2=' ' tag='336'><subfield code='a'>text</subfield><subfield code='b'>txt</subfield></datafield><datafield ind1=' ' ind2=' ' tag='337'><subfield code='a'>computer</subfield><subfield code='b'>c</subfield></datafield><datafield ind1=' ' ind2=' ' tag='338'><subfield code='a'>online resource</subfield><subfield code='b'>cr</subfield></datafield><datafield ind1='1' ind2=' ' tag='490'><subfield code='a'>Caribbean series ;</subfield><subfield code='v'>28</subfield></datafield><datafield ind1=' ' ind2=' ' tag='500'><subfield code='a'>Description based upon print version of record.</subfield></datafield><datafield ind1='0' ind2=' ' tag='505'><subfield code='a'>CREOLE JEWS; Copyright; Table of contents; Acknowledgements; List of figures and tables; Glossary; I Introducing Jewishness, creolization and the colonial domain ; Memories of bygone days; Connecting Judaism, creolization and colonialism; Browsing through history: On periodization and archival research; Outline; Some notes on terminology; PART ONE Forging a community; II A colonial Jewish community in the making Patterns of migration and places of settlement; Port of origin: Amsterdam; Dynamics and dimensions of a small-scale Jewish community; The birth of a Jewish community in Suriname</subfield></datafield><datafield ind1='8' ind2=' ' tag='505'><subfield code='a'>Growth Colonial adventures, poor migrants and the Amsterdam connection; Decline; Places of settlement; Jodensavanne: Heart of the Portuguese Jewish planters&apos; community; The multi-ethnic environment of Paramaribo; III Making a living in the colony Social context, economic activities and cultural life; Economic activities; The fate of the Jewish planters&apos; class; Reorientation: Making a living in an urban colonial environment; A community losing ground: Economic hardship and declining finta revenues; Socio -cultural life in the colony; Societies and lodges</subfield></datafield><datafield ind1='8' ind2=' ' tag='505'><subfield code='a'>Informal interactions and cross-cultural contacts IV Colonial configurations and diasporic connections Patterns of rule, civil status and religious authority; Authority and citizenship; Political structures in Suriname&apos;s plantocracy; Controlling the community: The Jewish privileges; Negotiating civil rights (1816-1825); After 182 5: Between marginalization and political domination; The limits of tolerance; Diasporic connections; The Chief Commission of Israelite Affairs; Negotiating the Askamoth; Dutch rabbis in Suriname; How a community was forged</subfield></datafield><datafield ind1='8' ind2=' ' tag='505'><subfield code='a'>PART TWO Cultivating differences, localizing boundaries V Echoes of the other Locating Jews and imagining Jewish difference in Suriname; Perspectives on Jewish whiteness, dominance and colonial &apos;otherness&apos;; The &apos;white man&apos;: A Maroon&apos;s perspective; Echoes of the &apos;other&apos;: The image of the cruel Jewish planter; The Surinamese Jew as colonial &apos;other&apos;? A painting by P.J. Benoit (1839); &apos;White but Jewish&apos;: Locating Jews in Suriname&apos;s colour system; Shem&apos;s legacy: An undefined status in the age of colonial expansion; Confronting Jewish difference: The case of the civil guard</subfield></datafield><datafield ind1='8' ind2=' ' tag='505'><subfield code='a'>From &apos;white&apos; to &apos;native&apos;: Jews and the census VI Spaces of death, mirror of the living The cemetery as a site of creolizat; Spaces of death, mirror of the living; A tour of Suriname&apos;s Jewish cemeteries; Cassipora and Jodensavanne cemeteries; Jewish cemeteries and creole grave markers in Paramaribo; Critical events at Surinamese Jewish cemeteries; The burial of the coloured Jew Joseph de David Cohen Nassy; &apos;Bad&apos; Jews at the Beth Haim? The burial of Isaq Simons (1825); Creating a precedent: Mr Pinto and Mrs Pinto-Fernandes (1891); Dario Saavedra (1911): Allegro and andante</subfield></datafield><datafield ind1='8' ind2=' ' tag='505'><subfield code='a'>Inappropriate ceremonies? The burial of Coenraad Samuels (1913)</subfield></datafield><datafield ind1=' ' ind2=' ' tag='520'><subfield code='a'>This study presents a refined analysis of Surinames-Jewish identifications. The story of the Surinamese Jews is one of a colonial Jewish community that became ever more interwoven with the local environment of Suriname.</subfield></datafield><datafield ind1=' ' ind2=' ' tag='546'><subfield code='a'>English</subfield></datafield><datafield ind1=' ' ind2=' ' tag='504'><subfield code='a'>Includes bibliographical references (p. [271]-293) and index.</subfield></datafield><datafield ind1=' ' ind2='0' tag='650'><subfield code='a'>Jews</subfield><subfield code='z'>Suriname</subfield><subfield code='x'>History.</subfield></datafield><datafield ind1=' ' ind2='0' tag='650'><subfield code='a'>Creoles</subfield><subfield code='z'>Suriname</subfield><subfield code='x'>History.</subfield></datafield><datafield ind1=' ' ind2='4' tag='655'><subfield code='a'>Electronic books.</subfield></datafield><datafield ind1=' ' ind2='0' tag='651'><subfield code='a'>Suriname</subfield><subfield code='x'>History.</subfield></datafield><datafield ind1=' ' ind2=' ' tag='776'><subfield code='z'>90-6718-343-1</subfield></datafield><datafield ind1=' ' ind2='0' tag='830'><subfield code='a'>Caribbean Series</subfield></datafield><datafield ind1=' ' ind2=' ' tag='906'><subfield code='a'>BOOK</subfield></datafield><datafield ind1=' ' ind2=' ' tag='PRT'><subfield code='a'>53422350170003811</subfield><subfield code='b'>https://sandbox01-na.alma.exlibrisgroup.com/view/uresolver/01TULI_INST/openurl?u.ignore_date_coverage=true&amp;rft.mms_id=991036746587703811</subfield><subfield code='e'>Ebook Central</subfield><subfield code='c'>Ebook Central Academic Complete</subfield><subfield code='h'>614200000000000002</subfield><subfield code='8'>53422350170003811</subfield></datafield><datafield ind1=' ' ind2=' ' tag='PRT'><subfield code='a'>53394786720003811</subfield><subfield code='b'>https://sandbox01-na.alma.exlibrisgroup.com/view/uresolver/01TULI_INST/openurl?u.ignore_date_coverage=true&amp;rft.mms_id=991036746587703811</subfield><subfield code='e'>EBSCOhost</subfield><subfield code='c'>EBSCOhost Academic eBook Collection (North America)</subfield><subfield code='h'>613640000000000029</subfield><subfield code='8'>53394786720003811</subfield></datafield></record>