
  <record xmlns='http://www.loc.gov/MARC21/slim'><leader>04712cam a2200661 a 4500</leader><controlfield tag='001'>991036791473103811</controlfield><controlfield tag='005'>20170810195337.0</controlfield><controlfield tag='008'>901022s1991    caua    ob   s101 0 eng  </controlfield><datafield ind1=' ' ind2=' ' tag='010'><subfield code='a'>   90022450 </subfield></datafield><datafield ind1=' ' ind2=' ' tag='015'><subfield code='a'>GB93-45024</subfield></datafield><datafield ind1=' ' ind2=' ' tag='020'><subfield code='a'>0-585-30035-6</subfield></datafield><datafield ind1=' ' ind2=' ' tag='035'><subfield code='a'>(CKB)111004366704186</subfield></datafield><datafield ind1=' ' ind2=' ' tag='035'><subfield code='a'>(MH)002207151-2</subfield></datafield><datafield ind1=' ' ind2=' ' tag='035'><subfield code='a'>(SSID)ssj0000133447</subfield></datafield><datafield ind1=' ' ind2=' ' tag='035'><subfield code='a'>(PQKBManifestationID)12018921</subfield></datafield><datafield ind1=' ' ind2=' ' tag='035'><subfield code='a'>(PQKBTitleCode)TC0000133447</subfield></datafield><datafield ind1=' ' ind2=' ' tag='035'><subfield code='a'>(PQKBWorkID)10040753</subfield></datafield><datafield ind1=' ' ind2=' ' tag='035'><subfield code='a'>(PQKB)10210795</subfield></datafield><datafield ind1=' ' ind2=' ' tag='035'><subfield code='a'>(EXLCZ)99111004366704186</subfield></datafield><datafield ind1=' ' ind2=' ' tag='040'><subfield code='a'>DLC</subfield><subfield code='c'>DLC</subfield><subfield code='d'>PMC</subfield><subfield code='d'>UKM</subfield><subfield code='d'>DPN</subfield></datafield><datafield ind1=' ' ind2=' ' tag='041'><subfield code='a'>eng</subfield></datafield><datafield ind1=' ' ind2=' ' tag='043'><subfield code='a'>e-sp---</subfield><subfield code='a'>n-mx---</subfield></datafield><datafield ind1='0' ind2='0' tag='050'><subfield code='a'>BX1735</subfield><subfield code='b'>.C84 1991</subfield></datafield><datafield ind1='0' ind2='0' tag='082'><subfield code='a'>272/.2</subfield><subfield code='2'>20</subfield></datafield><datafield ind1='0' ind2='0' tag='245'><subfield code='a'>Cultural encounters :</subfield><subfield code='b'>the impact of the Inquisition in Spain and the New World /</subfield><subfield code='c'>edited by Mary Elizabeth Perry and Anne J. Cruz.</subfield><subfield code='h'>[electronic resource]</subfield></datafield><datafield ind1=' ' ind2=' ' tag='246'><subfield code='a'>Cultural encounters</subfield></datafield><datafield ind1=' ' ind2=' ' tag='260'><subfield code='a'>Berkeley :</subfield><subfield code='b'>University of California Press,</subfield><subfield code='c'>c1991.</subfield></datafield><datafield ind1=' ' ind2=' ' tag='300'><subfield code='a'>1 online resource (xvi, 288 p. )</subfield><subfield code='b'>ill. ;</subfield></datafield><datafield ind1=' ' ind2=' ' tag='336'><subfield code='a'>text</subfield><subfield code='b'>txt</subfield></datafield><datafield ind1=' ' ind2=' ' tag='337'><subfield code='a'>computer</subfield><subfield code='b'>c</subfield></datafield><datafield ind1=' ' ind2=' ' tag='338'><subfield code='a'>online resource</subfield><subfield code='b'>cr</subfield></datafield><datafield ind1=' ' ind2=' ' tag='500'><subfield code='a'>&quot;Published under the auspices of the Center for Medieval and Renaissance Studies, University of California, Los Angeles&quot;--Half t.p.</subfield></datafield><datafield ind1=' ' ind2=' ' tag='500'><subfield code='a'>Papers presented at an international conference held March 25-27, 1988 in Los Angeles, Calif., sponsored by the University of California, Irvine, the University of California, Los Angeles, and the University of Southern California.</subfield></datafield><datafield ind1=' ' ind2=' ' tag='504'><subfield code='a'>Includes bibliographical references and index.</subfield></datafield><datafield ind1='0' ind2=' ' tag='505'><subfield code='a'>Colonizing souls : the failure of the Indian Inquisition and the rise of penitential discipline / J. Jorge Klor de Alva -- New Spain&apos;s Inquisition for Indians from the sixteenth to the nineteenth century / Roberto Moreno de los Arcos -- The Inquisition&apos;s repression of Curanderos / Noemí Quezada -- Sorcery and eroticism in love magic / María Helena Sánchez Ortega -- Visionaries and affective spirituality during the first half of the sixteenth century / Geraldine McKendrick and Angus MacKay -- Politics, prophecy, and the Inquisition in late sixteenth-century Spain / Richard L. Kagan -- Family and patronage : the Judeo-converso minority in Spain / Jamie Contreras -- The Jew as witch : displaced aggression and the myth of the Santo Niño de la Guardia / Stephen Haliczer.</subfield></datafield><datafield ind1='0' ind2=' ' tag='505'><subfield code='a'>On knowing other people&apos;s lives, inquisitorially and artistically / Joseph H. Silverman -- Scorched parchments and tortured memories : the &quot;Jewishness&quot; of the Anussim (Crypto-Jews) / Moshe Lazar -- The Inquisition and the crypto-Jewish community in colonial New Spain and New Mexico / Stanley M. Hordes -- Recent historiography of the Spanish Inquisition (1977-1988) : balance and perspective / Jesús M. De Bujanda -- Historiography of the Mexican Inquisition : evolution of interpretations and methodologies / Richard E. Greenleaf.</subfield></datafield><datafield ind1=' ' ind2=' ' tag='520'><subfield code='a'>More than just an expression of religious authority or an instrument of social control, the Inquisition was an arena where cultures met and clashed on both shores of the Atlantic. This pioneering volume examines how cultural identities were maintained despite oppression. Persecuted groups were able to survive the Inquisition by means of diverse strategies - whether Christianized Jews in Spain preserving their experiences in literature, or native American folk healers practicing medical care. These investigations of social resistance and cultural persistence will reinforce the cultural significance of the Inquisition--Publisher&apos;s description.</subfield></datafield><datafield ind1=' ' ind2=' ' tag='546'><subfield code='a'>English</subfield></datafield><datafield ind1=' ' ind2='0' tag='650'><subfield code='a'>Inquisition</subfield><subfield code='z'>Spain</subfield><subfield code='v'>Congresses.</subfield></datafield><datafield ind1=' ' ind2='0' tag='650'><subfield code='a'>Inquisition</subfield><subfield code='z'>Mexico</subfield><subfield code='v'>Congresses.</subfield></datafield><datafield ind1=' ' ind2='0' tag='650'><subfield code='a'>Indians of Mexico</subfield><subfield code='v'>Congresses.</subfield></datafield><datafield ind1=' ' ind2='7' tag='655'><subfield code='a'>Conference proceedings.</subfield><subfield code='2'>fast</subfield></datafield><datafield ind1=' ' ind2=' ' tag='655'><subfield code='a'>Electronic books</subfield></datafield><datafield ind1=' ' ind2='0' tag='650'><subfield code='a'>Inquisition</subfield><subfield code='x'>Congresses</subfield><subfield code='z'>Spain</subfield></datafield><datafield ind1=' ' ind2='0' tag='650'><subfield code='a'>Inquisition</subfield><subfield code='x'>Congresses</subfield><subfield code='z'>Mexico</subfield></datafield><datafield ind1=' ' ind2='0' tag='650'><subfield code='a'>Indians of Mexico</subfield><subfield code='x'>Congresses</subfield></datafield><datafield ind1=' ' ind2='7' tag='650'><subfield code='a'>Religion</subfield><subfield code='2'>HILCC</subfield></datafield><datafield ind1=' ' ind2='7' tag='650'><subfield code='a'>Philosophy &amp; Religion</subfield><subfield code='2'>HILCC</subfield></datafield><datafield ind1=' ' ind2='7' tag='650'><subfield code='a'>Christianity</subfield><subfield code='2'>HILCC</subfield></datafield><datafield ind1='1' ind2=' ' tag='700'><subfield code='a'>Perry, Mary Elizabeth,</subfield><subfield code='d'>1937-</subfield></datafield><datafield ind1='1' ind2=' ' tag='700'><subfield code='a'>Cruz, Anne J.,</subfield><subfield code='d'>1941-</subfield></datafield><datafield ind1='2' ind2=' ' tag='710'><subfield code='a'>University of California, Los Angeles.</subfield><subfield code='b'>Center for Medieval and Renaissance Studies.</subfield></datafield><datafield ind1='1' ind2=' ' tag='700'><subfield code='a'>Cruz, Anne J.</subfield></datafield><datafield ind1='2' ind2=' ' tag='710'><subfield code='a'>University of California, Irvine.</subfield></datafield><datafield ind1='2' ind2=' ' tag='710'><subfield code='a'>University of California, Los Angeles.</subfield></datafield><datafield ind1='2' ind2=' ' tag='710'><subfield code='a'>University of Southern California.</subfield></datafield><datafield ind1=' ' ind2=' ' tag='776'><subfield code='z'>0-520-07098-4</subfield></datafield><datafield ind1=' ' ind2=' ' tag='906'><subfield code='a'>BOOK</subfield></datafield><datafield ind1=' ' ind2=' ' tag='999'><subfield code='a'>This Record contains information from the Harvard Library Bibliographic Dataset, which is provided by the Harvard Library under its Bibliographic Dataset Use Terms and includes data made available by, among others the Library of Congress</subfield></datafield><datafield ind1=' ' ind2=' ' tag='ADM'><subfield code='b'>2017-08-30 04:56:14</subfield><subfield code='e'>99111004366704186</subfield><subfield code='d'>NON_SFX</subfield><subfield code='f'>20160803134623.0</subfield><subfield code='a'>2012-02-26 02:32:25</subfield><subfield code='c'>false</subfield></datafield><datafield ind1=' ' ind2=' ' tag='PRT'><subfield code='a'>53363013050003811</subfield><subfield code='b'>https://sandbox01-na.alma.exlibrisgroup.com/view/uresolver/01TULI_INST/openurl?u.ignore_date_coverage=true&amp;rft.mms_id=991036791473103811</subfield><subfield code='e'>University of California Press</subfield><subfield code='9'>Available</subfield><subfield code='c'>UC Press E-Books Collection, 1982-2004 (Public)</subfield><subfield code='h'>613790000000000923</subfield><subfield code='8'>53363013050003811</subfield></datafield></record>