
  <record xmlns='http://www.loc.gov/MARC21/slim'><leader>04808nam a22005415i 4500</leader><controlfield tag='001'>991036798686403811</controlfield><controlfield tag='005'>20180327155433.0</controlfield><controlfield tag='006'>m     o  d |      </controlfield><controlfield tag='007'>cr nn 008mamaa</controlfield><controlfield tag='008'>100301s2008    gw |    o    |||| 0|eng d</controlfield><datafield ind1=' ' ind2=' ' tag='020'><subfield code='a'>3-540-85174-7</subfield></datafield><datafield ind1='7' ind2=' ' tag='024'><subfield code='a'>10.1007/978-3-540-85174-5</subfield><subfield code='2'>doi</subfield></datafield><datafield ind1=' ' ind2=' ' tag='035'><subfield code='a'>(CKB)1000000000490236</subfield></datafield><datafield ind1=' ' ind2=' ' tag='035'><subfield code='a'>(SSID)ssj0000446244</subfield></datafield><datafield ind1=' ' ind2=' ' tag='035'><subfield code='a'>(PQKBManifestationID)11327258</subfield></datafield><datafield ind1=' ' ind2=' ' tag='035'><subfield code='a'>(PQKBTitleCode)TC0000446244</subfield></datafield><datafield ind1=' ' ind2=' ' tag='035'><subfield code='a'>(PQKBWorkID)10491744</subfield></datafield><datafield ind1=' ' ind2=' ' tag='035'><subfield code='a'>(PQKB)10606341</subfield></datafield><datafield ind1=' ' ind2=' ' tag='035'><subfield code='a'>(DE-He213)978-3-540-85174-5</subfield></datafield><datafield ind1=' ' ind2=' ' tag='035'><subfield code='a'>(MiAaPQ)EBC3063269</subfield></datafield><datafield ind1=' ' ind2=' ' tag='035'><subfield code='a'>(EXLCZ)991000000000490236</subfield></datafield><datafield ind1=' ' ind2=' ' tag='040'><subfield code='a'>MiAaPQ</subfield><subfield code='c'>MiAaPQ</subfield><subfield code='d'>MiAaPQ</subfield></datafield><datafield ind1=' ' ind2=' ' tag='041'><subfield code='a'>eng</subfield></datafield><datafield ind1=' ' ind2='4' tag='050'><subfield code='a'>QA76.9.A25</subfield></datafield><datafield ind1=' ' ind2='7' tag='072'><subfield code='a'>URY</subfield><subfield code='2'>bicssc</subfield></datafield><datafield ind1=' ' ind2='7' tag='072'><subfield code='a'>COM053000</subfield><subfield code='2'>bisacsh</subfield></datafield><datafield ind1='0' ind2='4' tag='082'><subfield code='a'>005.82</subfield><subfield code='2'>23</subfield></datafield><datafield ind1='1' ind2=' ' tag='100'><subfield code='a'>Hutchison, David.</subfield></datafield><datafield ind1='1' ind2='0' tag='245'><subfield code='a'>Advances in Cryptology – CRYPTO 2008</subfield><subfield code='h'>[electronic resource] :</subfield><subfield code='b'>28th Annual International Cryptology Conference, Santa Barbara, CA, USA, August 17-21, 2008. Proceedings /</subfield><subfield code='c'>edited by David Wagner.</subfield></datafield><datafield ind1=' ' ind2='1' tag='264'><subfield code='a'>Berlin, Heidelberg :</subfield><subfield code='b'>Springer Berlin Heidelberg,</subfield><subfield code='c'>2008.</subfield></datafield><datafield ind1=' ' ind2=' ' tag='300'><subfield code='a'>1 online resource (XIV, 594 p.) </subfield></datafield><datafield ind1=' ' ind2=' ' tag='336'><subfield code='a'>text</subfield><subfield code='b'>txt</subfield></datafield><datafield ind1=' ' ind2=' ' tag='337'><subfield code='a'>computer</subfield><subfield code='b'>c</subfield></datafield><datafield ind1=' ' ind2=' ' tag='338'><subfield code='a'>online resource</subfield><subfield code='b'>cr</subfield></datafield><datafield ind1=' ' ind2=' ' tag='347'><subfield code='a'>text file</subfield><subfield code='b'>PDF</subfield><subfield code='2'>rda</subfield></datafield><datafield ind1='1' ind2=' ' tag='490'><subfield code='a'>Lecture Notes in Computer Science,</subfield><subfield code='x'>0302-9743 ;</subfield><subfield code='v'>5157</subfield></datafield><datafield ind1=' ' ind2=' ' tag='500'><subfield code='a'>Bibliographic Level Mode of Issuance: Monograph</subfield></datafield><datafield ind1=' ' ind2=' ' tag='546'><subfield code='a'>English</subfield></datafield><datafield ind1=' ' ind2=' ' tag='504'><subfield code='a'>Includes bibliographical references and index.</subfield></datafield><datafield ind1='0' ind2=' ' tag='505'><subfield code='a'>Random Oracles -- The Random Oracle Model and the Ideal Cipher Model Are Equivalent -- Programmable Hash Functions and Their Applications -- Applications -- One-Time Programs -- Adaptive One-Way Functions and Applications -- Public-Key Crypto I -- Bits Security of the Elliptic Curve Diffie–Hellman Secret Keys -- Improved Bounds on Security Reductions for Discrete Log Based Signatures -- Circular-Secure Encryption from Decision Diffie-Hellman -- Public-Key Locally-Decodable Codes -- Hash Functions I -- Key-Recovery Attacks on Universal Hash Function Based MAC Algorithms -- Cryptanalysis of the GOST Hash Function -- Preimages for Reduced SHA-0 and SHA-1 -- Cryptanalysis I -- On the Power of Power Analysis in the Real World: A Complete Break of the KeeLoq Code Hopping Scheme -- Bug Attacks -- Multiparty Computation I -- Scalable Multiparty Computation with Nearly Optimal Work and Resilience -- Cryptographic Complexity of Multi-Party Computation Problems: Classifications and Separations -- Cryptanalysis II -- Cryptanalysis of MinRank -- New State Recovery Attack on RC4 -- Public-Key Crypto II -- Dynamic Threshold Public-Key Encryption -- On Notions of Security for Deterministic Encryption, and Efficient Constructions without Random Oracles -- Deterministic Encryption: Definitional Equivalences and Constructions without Random Oracles -- Communication Complexity in Algebraic Two-Party Protocols -- Hash Functions II -- Beyond Uniformity: Better Security/Efficiency Tradeoffs for Compression Functions -- Compression from Collisions, or Why CRHF Combiners Have a Long Output -- Constructing Cryptographic Hash Functions from Fixed-Key Blockciphers -- Distributed Private Data Analysis: Simultaneously Solving How and What -- New Efficient Attacks on Statistical Disclosure Control Mechanisms -- Multiparty Computation II -- Efficient Secure Linear Algebra in the Presence of Covert or Computationally Unbounded Adversaries -- Collusion-Free Protocols in the Mediated Model -- Efficient Constructions of Composable Commitments and Zero-Knowledge Proofs -- Noninteractive Statistical Zero-Knowledge Proofs for Lattice Problems -- A Framework for Efficient and Composable Oblivious Transfer -- Founding Cryptography on Oblivious Transfer – Efficiently.</subfield></datafield><datafield ind1=' ' ind2=' ' tag='520'><subfield code='a'>This book constitutes the refereed proceedings of the 28th Annual International Cryptology Conference, CRYPTO 2008, held in Santa Barbara, CA, USA in August 2008. The 32 revised full papers presented were carefully reviewed and selected from 184 submissions. Addressing all current foundational, theoretical and research aspects of cryptology, cryptography, and cryptanalysis as well as advanced applications, the papers are organized in topical sections on random oracles, applications, public-key crypto, hash functions, cryptanalysis, multiparty computation, privacy, zero knowledge, and oblivious transfer.</subfield></datafield><datafield ind1=' ' ind2='0' tag='650'><subfield code='a'>Computers</subfield><subfield code='x'>Access control</subfield><subfield code='v'>Congresses.</subfield></datafield><datafield ind1=' ' ind2='0' tag='650'><subfield code='a'>Cryptography</subfield><subfield code='v'>Congresses.</subfield></datafield><datafield ind1=' ' ind2='4' tag='655'><subfield code='a'>Electronic books.</subfield></datafield><datafield ind1='0' ind2=' ' tag='760'><subfield code='t'>Lecture notes in computer science</subfield><subfield code='w'>(CKB)954928560451</subfield><subfield code='w'>(DLC)92020465</subfield><subfield code='w'>(OCoLC)</subfield><subfield code='x'>1611-3349</subfield></datafield><datafield ind1=' ' ind2=' ' tag='776'><subfield code='z'>3-540-85173-9</subfield></datafield><datafield ind1='1' ind2=' ' tag='700'><subfield code='a'>Wagner, David.</subfield><subfield code='e'>editor.</subfield></datafield><datafield ind1=' ' ind2='0' tag='830'><subfield code='a'>Lecture Notes in Computer Science,</subfield><subfield code='x'>0302-9743 ;</subfield><subfield code='v'>5157</subfield></datafield><datafield ind1=' ' ind2=' ' tag='906'><subfield code='a'>PROCEEDING</subfield></datafield><datafield ind1=' ' ind2=' ' tag='ADM'><subfield code='b'>2018-03-29 05:14:47</subfield><subfield code='e'>991000000000490236</subfield><subfield code='d'>NON_SFX</subfield><subfield code='f'>20151029211849.0</subfield><subfield code='a'>2012-02-25 23:52:56</subfield><subfield code='c'>false</subfield></datafield><datafield ind1=' ' ind2=' ' tag='PRT'><subfield code='a'>53366224730003811</subfield><subfield code='b'>https://sandbox01-na.alma.exlibrisgroup.com/view/uresolver/01TULI_INST/openurl?u.ignore_date_coverage=true&amp;rft.mms_id=991036798686403811</subfield><subfield code='e'>Springer Link</subfield><subfield code='9'>Available</subfield><subfield code='c'>SpringerLink Books Complete</subfield><subfield code='h'>611000000000001381</subfield><subfield code='8'>53366224730003811</subfield></datafield></record>