
  <record xmlns='http://www.loc.gov/MARC21/slim'><leader>04847nam a22005535i 4500</leader><controlfield tag='001'>991036799590203811</controlfield><controlfield tag='005'>20180327184924.0</controlfield><controlfield tag='006'>m     o  d |      </controlfield><controlfield tag='007'>cr nn 008mamaa</controlfield><controlfield tag='008'>100810s2010    gw |    o    |||| 0|eng d</controlfield><datafield ind1=' ' ind2=' ' tag='020'><subfield code='a'>3-642-14623-6</subfield></datafield><datafield ind1='7' ind2=' ' tag='024'><subfield code='a'>10.1007/978-3-642-14623-7</subfield><subfield code='2'>doi</subfield></datafield><datafield ind1=' ' ind2=' ' tag='035'><subfield code='a'>(CKB)2670000000036343</subfield></datafield><datafield ind1=' ' ind2=' ' tag='035'><subfield code='a'>(SSID)ssj0000446245</subfield></datafield><datafield ind1=' ' ind2=' ' tag='035'><subfield code='a'>(PQKBManifestationID)11297654</subfield></datafield><datafield ind1=' ' ind2=' ' tag='035'><subfield code='a'>(PQKBTitleCode)TC0000446245</subfield></datafield><datafield ind1=' ' ind2=' ' tag='035'><subfield code='a'>(PQKBWorkID)10491042</subfield></datafield><datafield ind1=' ' ind2=' ' tag='035'><subfield code='a'>(PQKB)10350775</subfield></datafield><datafield ind1=' ' ind2=' ' tag='035'><subfield code='a'>(DE-He213)978-3-642-14623-7</subfield></datafield><datafield ind1=' ' ind2=' ' tag='035'><subfield code='a'>(MiAaPQ)EBC3065631</subfield></datafield><datafield ind1=' ' ind2=' ' tag='035'><subfield code='a'>(EXLCZ)992670000000036343</subfield></datafield><datafield ind1=' ' ind2=' ' tag='040'><subfield code='a'>MiAaPQ</subfield><subfield code='c'>MiAaPQ</subfield><subfield code='d'>MiAaPQ</subfield></datafield><datafield ind1=' ' ind2=' ' tag='041'><subfield code='a'>eng</subfield></datafield><datafield ind1=' ' ind2='4' tag='050'><subfield code='a'>QA76.9.A25</subfield></datafield><datafield ind1=' ' ind2='7' tag='072'><subfield code='a'>URY</subfield><subfield code='2'>bicssc</subfield></datafield><datafield ind1=' ' ind2='7' tag='072'><subfield code='a'>COM053000</subfield><subfield code='2'>bisacsh</subfield></datafield><datafield ind1=' ' ind2=' ' tag='082'><subfield code='a'>005.8</subfield></datafield><datafield ind1='1' ind2=' ' tag='100'><subfield code='a'>Rabin, Tal</subfield></datafield><datafield ind1='2' ind2=' ' tag='111'><subfield code='a'>CRYPTO (Conference)</subfield><subfield code='n'>(30th :</subfield><subfield code='d'>2010 :</subfield><subfield code='c'>Santa Barbara, Calif.)</subfield></datafield><datafield ind1='1' ind2='0' tag='245'><subfield code='a'>Advances in Cryptology – CRYPTO 2010</subfield><subfield code='h'>[electronic resource] :</subfield><subfield code='b'>30th Annual Cryptology Conference, Santa Barbara, CA, USA, August 15-19, 2010. Proceedings /</subfield><subfield code='c'>edited by Tal Rabin.</subfield></datafield><datafield ind1=' ' ind2='1' tag='264'><subfield code='a'>Berlin, Heidelberg :</subfield><subfield code='b'>Springer Berlin Heidelberg,</subfield><subfield code='c'>2010.</subfield></datafield><datafield ind1=' ' ind2=' ' tag='300'><subfield code='a'>1 online resource (XIV, 744 p. 63 illus.) </subfield></datafield><datafield ind1=' ' ind2=' ' tag='336'><subfield code='a'>text</subfield><subfield code='b'>txt</subfield></datafield><datafield ind1=' ' ind2=' ' tag='337'><subfield code='a'>computer</subfield><subfield code='b'>c</subfield></datafield><datafield ind1=' ' ind2=' ' tag='338'><subfield code='a'>online resource</subfield><subfield code='b'>cr</subfield></datafield><datafield ind1=' ' ind2=' ' tag='347'><subfield code='a'>text file</subfield><subfield code='b'>PDF</subfield><subfield code='2'>rda</subfield></datafield><datafield ind1='1' ind2=' ' tag='490'><subfield code='a'>Lecture Notes in Computer Science,</subfield><subfield code='x'>0302-9743 ;</subfield><subfield code='v'>6223</subfield></datafield><datafield ind1=' ' ind2=' ' tag='500'><subfield code='a'>Bibliographic Level Mode of Issuance: Monograph</subfield></datafield><datafield ind1=' ' ind2=' ' tag='546'><subfield code='a'>English</subfield></datafield><datafield ind1=' ' ind2=' ' tag='504'><subfield code='a'>Includes bibliographical references and index.</subfield></datafield><datafield ind1='0' ind2=' ' tag='505'><subfield code='a'>Leakage -- Circular and Leakage Resilient Public-Key Encryption under Subgroup Indistinguishability -- Leakage-Resilient Pseudorandom Functions and Side-Channel Attacks on Feistel Networks -- Protecting Cryptographic Keys against Continual Leakage -- Securing Computation against Continuous Leakage -- Lattice -- An Efficient and Parallel Gaussian Sampler for Lattices -- Lattice Basis Delegation in Fixed Dimension and Shorter-Ciphertext Hierarchical IBE -- Homomorphic Encryption -- Toward Basing Fully Homomorphic Encryption on Worst-Case Hardness -- Additively Homomorphic Encryption with d-Operand Multiplications -- i-Hop Homomorphic Encryption and Rerandomizable Yao Circuits -- Theory and Applications -- Interactive Locking, Zero-Knowledge PCPs, and Unconditional Cryptography -- Fully Secure Functional Encryption with General Relations from the Decisional Linear Assumption -- Structure-Preserving Signatures and Commitments to Group Elements -- Efficient Indifferentiable Hashing into Ordinary Elliptic Curves -- Key Exchange, OAEP/RSA, CCA -- Credential Authenticated Identification and Key Exchange -- Password-Authenticated Session-Key Generation on the Internet in the Plain Model -- Instantiability of RSA-OAEP under Chosen-Plaintext Attack -- Efficient Chosen-Ciphertext Security via Extractable Hash Proofs -- Attacks -- Factorization of a 768-Bit RSA Modulus -- Correcting Errors in RSA Private Keys -- Improved Differential Attacks for ECHO and Grøstl -- A Practical-Time Related-Key Attack on the KASUMI Cryptosystem Used in GSM and 3G Telephony -- Composition -- Universally Composable Incoercibility -- Concurrent Non-Malleable Zero Knowledge Proofs -- Equivalence of Uniform Key Agreement and Composition Insecurity -- Computation Delegation and Obfuscation -- Non-interactive Verifiable Computing: Outsourcing Computation to Untrusted Workers -- Improved Delegation of Computation Using Fully Homomorphic Encryption -- Oblivious RAM Revisited -- On Strong Simulation and Composable Point Obfuscation -- Multiparty Computation -- Protocols for Multiparty Coin Toss with Dishonest Majority -- Multiparty Computation for Dishonest Majority: From Passive to Active Security at Low Cost -- Secure Multiparty Computation with Minimal Interaction -- A Zero-One Law for Cryptographic Complexity with Respect to Computational UC Security -- Pseudorandomness -- On Generalized Feistel Networks -- Cryptographic Extraction and Key Derivation: The HKDF Scheme -- Time Space Tradeoffs for Attacks against One-Way Functions and PRGs -- Pseudorandom Functions and Permutations Provably Secure against Related-Key Attacks -- Quantum -- Secure Two-Party Quantum Evaluation of Unitaries against Specious Adversaries -- On the Efficiency of Classical and Quantum Oblivious Transfer Reductions -- Sampling in a Quantum Population, and Applications.</subfield></datafield><datafield ind1=' ' ind2='0' tag='650'><subfield code='a'>Computers</subfield><subfield code='x'>Access control</subfield><subfield code='v'>Congresses.</subfield></datafield><datafield ind1=' ' ind2='0' tag='650'><subfield code='a'>Cryptography</subfield><subfield code='v'>Congresses.</subfield></datafield><datafield ind1=' ' ind2='4' tag='655'><subfield code='a'>Electronic books.</subfield></datafield><datafield ind1='0' ind2=' ' tag='760'><subfield code='t'>Lecture notes in computer science</subfield><subfield code='w'>(CKB)954928560451</subfield><subfield code='w'>(DLC)92020465</subfield><subfield code='w'>(OCoLC)</subfield><subfield code='x'>1611-3349</subfield></datafield><datafield ind1=' ' ind2=' ' tag='711'><subfield code='a'>CRYPTO (Conference)</subfield></datafield><datafield ind1=' ' ind2=' ' tag='776'><subfield code='z'>3-642-14622-8</subfield></datafield><datafield ind1='1' ind2=' ' tag='700'><subfield code='a'>Rabin, Tal.</subfield><subfield code='e'>editor.</subfield></datafield><datafield ind1=' ' ind2='0' tag='830'><subfield code='a'>Lecture Notes in Computer Science,</subfield><subfield code='x'>0302-9743 ;</subfield><subfield code='v'>6223</subfield></datafield><datafield ind1=' ' ind2=' ' tag='906'><subfield code='a'>PROCEEDING</subfield></datafield><datafield ind1=' ' ind2=' ' tag='ADM'><subfield code='b'>2018-03-30 03:55:05</subfield><subfield code='e'>992670000000036343</subfield><subfield code='d'>NON_SFX</subfield><subfield code='f'>20151204161918.0</subfield><subfield code='a'>2012-02-26 00:19:32</subfield><subfield code='c'>false</subfield></datafield><datafield ind1=' ' ind2=' ' tag='PRT'><subfield code='a'>53366404850003811</subfield><subfield code='b'>https://sandbox01-na.alma.exlibrisgroup.com/view/uresolver/01TULI_INST/openurl?u.ignore_date_coverage=true&amp;rft.mms_id=991036799590203811</subfield><subfield code='e'>Springer Link</subfield><subfield code='9'>Available</subfield><subfield code='c'>SpringerLink Books Complete</subfield><subfield code='h'>611000000000001381</subfield><subfield code='8'>53366404850003811</subfield></datafield></record>