
  <record xmlns='http://www.loc.gov/MARC21/slim'><leader>04952cam a22006018i 4500</leader><controlfield tag='005'>20180322150108.0</controlfield><controlfield tag='008'>140708s2014    ne       b    001 0 eng  </controlfield><controlfield tag='001'>991005868199703811</controlfield><datafield ind1=' ' ind2=' ' tag='010'><subfield code='a'>2014024437</subfield></datafield><datafield ind1=' ' ind2=' ' tag='020'><subfield code='a'>9789004259201 (hardback : acid-free paper)</subfield></datafield><datafield ind1=' ' ind2=' ' tag='020'><subfield code='a'>9004259201 (hardback : acid-free paper)</subfield></datafield><datafield ind1=' ' ind2=' ' tag='020'><subfield code='z'>9789004279353 (e-book)</subfield></datafield><datafield ind1=' ' ind2=' ' tag='035'><subfield code='a'>(PPT)b56854456-01tuli_inst</subfield></datafield><datafield ind1=' ' ind2=' ' tag='035'><subfield code='a'>(OCoLC)ocn894945604</subfield><subfield code='9'>ExL</subfield></datafield><datafield ind1=' ' ind2=' ' tag='035'><subfield code='a'>(OCoLC)882898392</subfield></datafield><datafield ind1=' ' ind2=' ' tag='035'><subfield code='a'>ocn882898392</subfield></datafield><datafield ind1=' ' ind2=' ' tag='035'><subfield code='a'>(OCLC)ocn882898392</subfield></datafield><datafield ind1=' ' ind2=' ' tag='040'><subfield code='a'>DLC</subfield><subfield code='b'>eng</subfield><subfield code='e'>rda</subfield><subfield code='c'>DLC</subfield><subfield code='d'>ERASA</subfield><subfield code='d'>OCLCO</subfield><subfield code='d'>BTCTA</subfield><subfield code='d'>CDX</subfield><subfield code='d'>OHX</subfield><subfield code='d'>UKMGB</subfield><subfield code='d'>PPT</subfield></datafield><datafield ind1=' ' ind2=' ' tag='042'><subfield code='a'>pcc</subfield></datafield><datafield ind1=' ' ind2=' ' tag='043'><subfield code='a'>e-sp---</subfield><subfield code='a'>mm-----</subfield></datafield><datafield ind1=' ' ind2='7' tag='072'><subfield code='a'>DP</subfield><subfield code='2'>lcco</subfield></datafield><datafield ind1=' ' ind2=' ' tag='079'><subfield code='a'>ocn882898392</subfield></datafield><datafield ind1=' ' ind2=' ' tag='090'><subfield code='a'>DP104</subfield><subfield code='b'>.M6713 2014</subfield></datafield><datafield ind1='0' ind2=' ' tag='130'><subfield code='a'>Moriscos.</subfield><subfield code='l'>English.</subfield></datafield><datafield ind1='1' ind2='4' tag='245'><subfield code='a'>The expulsion of the Moriscos from Spain :</subfield><subfield code='b'>a Mediterranean diaspora /</subfield><subfield code='c'>edited by Mercedes Garcia-Arenal, Gerard Wiegers ; translated by Consuela Lopez-Morillas, Martin Beagles.</subfield></datafield><datafield ind1=' ' ind2=' ' tag='263'><subfield code='a'>1409</subfield></datafield><datafield ind1=' ' ind2='1' tag='264'><subfield code='a'>Leiden :</subfield><subfield code='b'>Brill,</subfield><subfield code='c'>2014.</subfield></datafield><datafield ind1=' ' ind2=' ' tag='300'><subfield code='a'>xii, 492 pages :</subfield><subfield code='b'>color illustrations ;</subfield><subfield code='c'>24 cm.</subfield></datafield><datafield ind1=' ' ind2=' ' tag='336'><subfield code='a'>text</subfield><subfield code='b'>txt</subfield><subfield code='2'>rdacontent</subfield></datafield><datafield ind1=' ' ind2=' ' tag='337'><subfield code='a'>unmediated</subfield><subfield code='b'>n</subfield><subfield code='2'>rdamedia</subfield></datafield><datafield ind1=' ' ind2=' ' tag='338'><subfield code='a'>volume</subfield><subfield code='b'>nc</subfield><subfield code='2'>rdacarrier</subfield></datafield><datafield ind1='1' ind2=' ' tag='490'><subfield code='a'>The Medieval and Early Modern Iberian World ;</subfield><subfield code='v'>56</subfield></datafield><datafield ind1=' ' ind2=' ' tag='500'><subfield code='a'>&quot;Originally published in Spanish in 2013 by Publicacions Universitat de Valencia as: Los Moriscos : Expulsion y Diaspora : una perspectiva internacional&quot;--Title page verso.</subfield></datafield><datafield ind1=' ' ind2=' ' tag='504'><subfield code='a'>Includes bibliographical references (pages [441]-478) and indexes.</subfield></datafield><datafield ind1='0' ind2=' ' tag='505'><subfield code='a'>List of figures and tables -- List of abbrevations -- List of frequently used terms -- List of contributors -- Introduction / Mercedes Garcia-Arenal and Gerard Wiegers -- Part 1. The expulsion : preparations, debates, and process -- The geography of the Morisco expulsion : a quantitative study / Bernard Vincent -- The expulsion of the Moriscos in the context of Philip III&apos;s Mediterranean policy / Miguel Angel de Bunes Ibarra -- Rhetorics of the expulsion / Antonio Feros -- The religious debate in Spain / Rafael Benitez Sanchez Blanco -- The Vatican&apos;s position towards the expulsion / Stefania Pastore -- The religious orders and the expulsion of the Moriscos : doctrinal controversies and Hispano-Papal relations / Paolo Broggio -- The unexecuted plans for the eradication of Jewish heresy in the Hispanic monarchy and the example of the Moriscos : the thwarted expulsion of the Judeoconversos / Juan Ignacio Pulido -- The Moriscos who stayed behind or returned post-1609 / James B. Tueller -- Part 2. The Morisco diaspora -- The Moriscos outside Spain : routes and financing / Luis F. Bernabe Pons and Jorge Gil Herrera -- The Moriscos in France after the expulsion : notes for the history of a minority / Youssef El Alaoui -- Moriscos in Ottoman Galata, 1609-1620s / Tijana Krstic -- The Moriscos in Morocco : from Granadan emigration to the Hornacheros of Sale / Mercedes Garcia-Arenal -- Andalusi immigration and urban development in Algiers (sixteenth and seventeenth centuries) / Sakina Missoum -- The Moriscos in Tunisia / Glatz Villanueva Zubizarreta -- The expulsion of 1609-1614 and the polemical writings of the Moriscos living in the diaspora / Gerard Wiegers -- Converted Jews and Moriscos in the diaspora / Natalia Muchnik -- Index of places -- Index of names.</subfield></datafield><datafield ind1='8' ind2=' ' tag='520'><subfield code='a'>The expulsion of the Moriscos from Spain (1609-1614) represents an important episode of ethnic, political and religious cleansing which affected about 300,000 persons. The controversial measure was legimitized by an ideology of religious and political unity that served to defend the expulsion of them all, crypto-Muslims and sincere converts to Christianity alike. The first part focuses on the decision to expel the Moriscos, its historical context and the role of such institutions as the Vatican and the religious orders, and nations such as France, Italy, the Dutch Republic, Morocco and the Ottoman Empire. The second part studies the aftermath of the expulsion, the forced migrations, settlement and Diaspora of the Moriscos, comparing their vicissitudes with that of the Jewish conversos.</subfield></datafield><datafield ind1=' ' ind2='0' tag='650'><subfield code='a'>Moriscos</subfield><subfield code='z'>Spain</subfield><subfield code='x'>History</subfield><subfield code='y'>16th century.</subfield></datafield><datafield ind1=' ' ind2='0' tag='650'><subfield code='a'>Moriscos</subfield><subfield code='z'>Spain</subfield><subfield code='x'>History</subfield><subfield code='y'>17th century.</subfield></datafield><datafield ind1=' ' ind2='0' tag='650'><subfield code='a'>Moriscos</subfield><subfield code='x'>Migrations</subfield><subfield code='x'>History.</subfield></datafield><datafield ind1=' ' ind2='0' tag='650'><subfield code='a'>Moriscos</subfield><subfield code='z'>Mediterranean Region</subfield><subfield code='x'>History.</subfield></datafield><datafield ind1=' ' ind2='0' tag='650'><subfield code='a'>Forced migration</subfield><subfield code='z'>Spain</subfield><subfield code='x'>History.</subfield></datafield><datafield ind1=' ' ind2='0' tag='650'><subfield code='a'>Deportation</subfield><subfield code='z'>Spain</subfield><subfield code='x'>History.</subfield></datafield><datafield ind1=' ' ind2='0' tag='651'><subfield code='a'>Spain</subfield><subfield code='x'>Ethnic relations</subfield><subfield code='x'>History.</subfield></datafield><datafield ind1=' ' ind2='0' tag='651'><subfield code='a'>Spain</subfield><subfield code='x'>Emigration and immigration</subfield><subfield code='x'>History.</subfield></datafield><datafield ind1=' ' ind2='0' tag='651'><subfield code='a'>Mediterranean Region</subfield><subfield code='x'>Emigration and immigration</subfield><subfield code='x'>History.</subfield></datafield><datafield ind1='1' ind2=' ' tag='700'><subfield code='a'>García-Arenal, Mercedes.</subfield></datafield><datafield ind1='1' ind2=' ' tag='700'><subfield code='a'>Wiegers, Gerard Albert,</subfield><subfield code='d'>1959-</subfield></datafield><datafield ind1=' ' ind2='0' tag='830'><subfield code='a'>Medieval and early modern Iberian world ;</subfield><subfield code='v'>56.</subfield></datafield><datafield ind1=' ' ind2=' ' tag='907'><subfield code='a'>.b56854456</subfield><subfield code='b'>p    </subfield><subfield code='c'>-</subfield></datafield><datafield ind1=' ' ind2=' ' tag='945'><subfield code='l'>pstk </subfield><subfield code='g'>1</subfield></datafield><datafield ind1=' ' ind2=' ' tag='979'><subfield code='a'>ocn882898392</subfield></datafield><datafield ind1=' ' ind2=' ' tag='998'><subfield code='b'>0</subfield><subfield code='c'>141024</subfield><subfield code='d'>m</subfield><subfield code='e'>a</subfield><subfield code='f'>-</subfield><subfield code='g'>4</subfield></datafield><datafield ind1=' ' ind2=' ' tag='998'><subfield code='a'>10/24/14</subfield><subfield code='s'>CIP</subfield><subfield code='c'>AT</subfield></datafield><datafield ind1=' ' ind2=' ' tag='ADM'><subfield code='b'>2018-03-22 19:01:08</subfield><subfield code='e'>b56854456-01tuli_inst</subfield><subfield code='d'>ILS</subfield><subfield code='a'>2017-06-20 12:31:41</subfield><subfield code='c'>false</subfield></datafield><datafield ind1='0' ind2=' ' tag='HLD'><subfield code='b'>MAIN</subfield><subfield code='c'>stacks</subfield><subfield code='h'>DP104</subfield><subfield code='i'>.M6713 2014</subfield><subfield code='8'>22318785760003811</subfield></datafield><datafield ind1=' ' ind2=' ' tag='ITM'><subfield code='r'>22318785760003811</subfield><subfield code='b'>1</subfield><subfield code='h'>0</subfield><subfield code='g'>stacks</subfield><subfield code='t'>BOOK</subfield><subfield code='9'>39074029691359</subfield><subfield code='e'>stacks</subfield><subfield code='8'>23318785750003811</subfield><subfield code='a'>0</subfield><subfield code='q'>2017-06-20 12:31:41</subfield><subfield code='i'>DP104 .M6713 2014</subfield><subfield code='d'>MAIN</subfield><subfield code='f'>MAIN</subfield></datafield></record>