
  <record xmlns='http://www.loc.gov/MARC21/slim'><leader>05850nam a22005655i 4500</leader><controlfield tag='001'>991036798913203811</controlfield><controlfield tag='005'>20180322113043.0</controlfield><controlfield tag='006'>m     o  d |      </controlfield><controlfield tag='007'>cr nn 008mamaa</controlfield><controlfield tag='008'>100301s2009    gw |    o    |||| 0|eng d</controlfield><datafield ind1=' ' ind2=' ' tag='020'><subfield code='a'>3-642-03356-3</subfield></datafield><datafield ind1='7' ind2=' ' tag='024'><subfield code='a'>10.1007/978-3-642-03356-8</subfield><subfield code='2'>doi</subfield></datafield><datafield ind1=' ' ind2=' ' tag='035'><subfield code='a'>(CKB)1000000000772844</subfield></datafield><datafield ind1=' ' ind2=' ' tag='035'><subfield code='a'>(SSID)ssj0000315805</subfield></datafield><datafield ind1=' ' ind2=' ' tag='035'><subfield code='a'>(PQKBManifestationID)11242631</subfield></datafield><datafield ind1=' ' ind2=' ' tag='035'><subfield code='a'>(PQKBTitleCode)TC0000315805</subfield></datafield><datafield ind1=' ' ind2=' ' tag='035'><subfield code='a'>(PQKBWorkID)10256693</subfield></datafield><datafield ind1=' ' ind2=' ' tag='035'><subfield code='a'>(PQKB)11315476</subfield></datafield><datafield ind1=' ' ind2=' ' tag='035'><subfield code='a'>(DE-He213)978-3-642-03356-8</subfield></datafield><datafield ind1=' ' ind2=' ' tag='035'><subfield code='a'>(MiAaPQ)EBC3064461</subfield></datafield><datafield ind1=' ' ind2=' ' tag='035'><subfield code='a'>(EXLCZ)991000000000772844</subfield></datafield><datafield ind1=' ' ind2=' ' tag='040'><subfield code='a'>MiAaPQ</subfield><subfield code='c'>MiAaPQ</subfield><subfield code='d'>MiAaPQ</subfield></datafield><datafield ind1=' ' ind2=' ' tag='041'><subfield code='a'>eng</subfield></datafield><datafield ind1=' ' ind2='4' tag='050'><subfield code='a'>QA76.9.A25</subfield></datafield><datafield ind1=' ' ind2='7' tag='072'><subfield code='a'>URY</subfield><subfield code='2'>bicssc</subfield></datafield><datafield ind1=' ' ind2='7' tag='072'><subfield code='a'>COM053000</subfield><subfield code='2'>bisacsh</subfield></datafield><datafield ind1=' ' ind2=' ' tag='082'><subfield code='a'>004n/a</subfield></datafield><datafield ind1='1' ind2=' ' tag='100'><subfield code='a'>Halevi, Shai</subfield></datafield><datafield ind1=' ' ind2=' ' tag='110'><subfield code='a'>CRYPTO (Conference)</subfield><subfield code='e'>Corporate Author</subfield></datafield><datafield ind1='2' ind2=' ' tag='111'><subfield code='a'>CRYPTO (Conference)</subfield><subfield code='n'>(29th :</subfield><subfield code='d'>2009 :</subfield><subfield code='c'>Santa Barbara, Calif.)</subfield></datafield><datafield ind1='1' ind2='0' tag='245'><subfield code='a'>Advances in Cryptology - CRYPTO 2009</subfield><subfield code='h'>[electronic resource] :</subfield><subfield code='b'>29th Annual International Cryptology Conference, Santa Barbara, CA, USA, August 16-20, 2009. Proceedings /</subfield><subfield code='c'>edited by Shai Halevi.</subfield></datafield><datafield ind1=' ' ind2='1' tag='264'><subfield code='a'>Berlin, Heidelberg :</subfield><subfield code='b'>Springer Berlin Heidelberg :</subfield><subfield code='b'>Imprint: Springer,</subfield><subfield code='c'>2009.</subfield></datafield><datafield ind1=' ' ind2=' ' tag='300'><subfield code='a'>1 online resource (XIV, 692 p.) </subfield></datafield><datafield ind1=' ' ind2=' ' tag='336'><subfield code='a'>text</subfield><subfield code='b'>txt</subfield></datafield><datafield ind1=' ' ind2=' ' tag='337'><subfield code='a'>computer</subfield><subfield code='b'>c</subfield></datafield><datafield ind1=' ' ind2=' ' tag='338'><subfield code='a'>online resource</subfield><subfield code='b'>cr</subfield></datafield><datafield ind1=' ' ind2=' ' tag='347'><subfield code='a'>text file</subfield><subfield code='b'>PDF</subfield><subfield code='2'>rda</subfield></datafield><datafield ind1='1' ind2=' ' tag='490'><subfield code='a'>Lecture Notes in Computer Science,</subfield><subfield code='x'>0302-9743 ;</subfield><subfield code='v'>5677</subfield></datafield><datafield ind1=' ' ind2=' ' tag='500'><subfield code='a'>Bibliographic Level Mode of Issuance: Monograph</subfield></datafield><datafield ind1=' ' ind2=' ' tag='546'><subfield code='a'>English</subfield></datafield><datafield ind1='0' ind2=' ' tag='505'><subfield code='a'>Key Leakage -- Reconstructing RSA Private Keys from Random Key Bits -- Public-Key Cryptosystems Resilient to Key Leakage -- Leakage-Resilient Public-Key Cryptography in the Bounded-Retrieval Model -- Hash-Function Cryptanalysis -- Short Chosen-Prefix Collisions for MD5 and the Creation of a Rogue CA Certificate -- Meet-in-the-Middle Preimage Attacks Against Reduced SHA-0 and SHA-1 -- Privacy and Anonymity -- Private Mutual Authentication and Conditional Oblivious Transfer -- Randomizable Proofs and Delegatable Anonymous Credentials -- Computational Differential Privacy -- Interactive Proofs and Zero-Knowledge -- Probabilistically Checkable Arguments -- On the Composition of Public-Coin Zero-Knowledge Protocols -- On the Amortized Complexity of Zero-Knowledge Protocols -- Linear Algebra with Sub-linear Zero-Knowledge Arguments -- Block-Cipher Cryptanalysis -- New Birthday Attacks on Some MACs Based on Block Ciphers -- Distinguisher and Related-Key Attack on the Full AES-256 -- Cryptanalysis of C2 -- Modes of Operation -- Message Authentication Codes from Unpredictable Block Ciphers -- How to Encipher Messages on a Small Domain -- Elliptic Curves -- How to Hash into Elliptic Curves -- Batch Binary Edwards -- Cryptographic Hardness -- Solving Hidden Number Problem with One Bit Oracle and Advice -- Computational Indistinguishability Amplification: Tight Product Theorems for System Composition -- Merkle Puzzles -- Merkle Puzzles Are Optimal — An O(n 2)-Query Attack on Any Key Exchange from a Random Oracle -- Cryptography in the Physical World -- Position Based Cryptography -- Improving the Security of Quantum Protocols via Commit-and-Open -- Attacks on Signature Schemes -- Practical Cryptanalysis of iso/iec 9796-2 and emv Signatures -- How Risky Is the Random-Oracle Model? -- Invited Talk -- Abstraction in Cryptography -- Secret Sharing and Secure Computation -- Asymptotically Good Ideal Linear Secret Sharing with Strong Multiplication over Any Fixed Finite Field -- The Round Complexity of Verifiable Secret Sharing Revisited -- Somewhat Non-committing Encryption and Efficient Adaptively Secure Oblivious Transfer -- Cryptography and Game-Theory -- Collusion-Free Multiparty Computation in the Mediated Model -- Privacy-Enhancing Auctions Using Rational Cryptography -- Utility Dependence in Correct and Fair Rational Secret Sharing -- Cryptography and Lattices -- On Bounded Distance Decoding, Unique Shortest Vectors, and the Minimum Distance Problem -- Fast Cryptographic Primitives and Circular-Secure Encryption Based on Hard Learning Problems -- Identity-Based Encryption -- Dual System Encryption: Realizing Fully Secure IBE and HIBE under Simple Assumptions -- Cryptographers’ Toolbox -- The Group of Signed Quadratic Residues and Applications -- Short and Stateless Signatures from the RSA Assumption -- Smooth Projective Hashing for Conditionally Extractable Commitments.</subfield></datafield><datafield ind1=' ' ind2=' ' tag='520'><subfield code='a'>This book constitutes the refereed proceedings of the 29th Annual International Cryptology Conference, CRYPTO 2009, held in Santa Barbara, CA, USA in August 2009. The 38 revised full papers presented were carefully reviewed and selected from 213 submissions. Addressing all current foundational, theoretical and research aspects of cryptology, cryptography, and cryptanalysis as well as advanced applications, the papers are organized in topical sections on key leakage, hash-function cryptanalysis, privacy and anonymity, interactive proofs and zero-knowledge, block-cipher cryptanalysis, modes of operation, elliptic curves, cryptographic hardness, merkle puzzles, cryptography in the physical world, attacks on signature schemes, secret sharing and secure computation, cryptography and game-theory, cryptography and lattices, identity-based encryption and cryptographers’ toolbox.</subfield></datafield><datafield ind1=' ' ind2='0' tag='650'><subfield code='a'>Cryptography</subfield><subfield code='v'>Congresses.</subfield></datafield><datafield ind1=' ' ind2='0' tag='650'><subfield code='a'>Data encryption (Computer science)</subfield><subfield code='v'>Congresses.</subfield></datafield><datafield ind1=' ' ind2='4' tag='655'><subfield code='a'>Electronic books.</subfield></datafield><datafield ind1='0' ind2=' ' tag='760'><subfield code='t'>Lecture notes in computer science</subfield><subfield code='w'>(CKB)954928560451</subfield><subfield code='w'>(DLC)92020465</subfield><subfield code='w'>(OCoLC)</subfield><subfield code='x'>1611-3349</subfield></datafield><datafield ind1=' ' ind2=' ' tag='711'><subfield code='a'>CRYPTO (Conference)</subfield></datafield><datafield ind1=' ' ind2=' ' tag='776'><subfield code='z'>3-642-03355-5</subfield></datafield><datafield ind1='1' ind2=' ' tag='700'><subfield code='a'>Halevi, Shai.</subfield><subfield code='e'>editor.</subfield></datafield><datafield ind1=' ' ind2='0' tag='830'><subfield code='a'>Lecture Notes in Computer Science,</subfield><subfield code='x'>0302-9743 ;</subfield><subfield code='v'>5677</subfield></datafield><datafield ind1=' ' ind2=' ' tag='906'><subfield code='a'>PROCEEDING</subfield></datafield><datafield ind1=' ' ind2=' ' tag='ADM'><subfield code='b'>2018-03-23 08:47:05</subfield><subfield code='e'>991000000000772844</subfield><subfield code='d'>NON_SFX</subfield><subfield code='f'>20160317030335.0</subfield><subfield code='a'>2012-02-26 01:41:27</subfield><subfield code='c'>false</subfield></datafield><datafield ind1=' ' ind2=' ' tag='PRT'><subfield code='a'>53366304830003811</subfield><subfield code='b'>https://sandbox01-na.alma.exlibrisgroup.com/view/uresolver/01TULI_INST/openurl?u.ignore_date_coverage=true&amp;rft.mms_id=991036798913203811</subfield><subfield code='e'>Springer Link</subfield><subfield code='9'>Available</subfield><subfield code='c'>SpringerLink Books Complete</subfield><subfield code='h'>611000000000001381</subfield><subfield code='8'>53366304830003811</subfield></datafield></record>