
  <record xmlns='http://www.loc.gov/MARC21/slim'><leader>06687cam a2200625Ia 4500</leader><controlfield tag='005'>20150320070559.5</controlfield><controlfield tag='006'>m     o  d        </controlfield><controlfield tag='007'>cr cn|||||||||</controlfield><controlfield tag='008'>071220s2007    gw a    ob    101 0 eng d</controlfield><controlfield tag='001'>991020228089703811</controlfield><datafield ind1=' ' ind2=' ' tag='020'><subfield code='a'>9783540741435</subfield></datafield><datafield ind1=' ' ind2=' ' tag='020'><subfield code='a'>3540741437</subfield></datafield><datafield ind1=' ' ind2=' ' tag='020'><subfield code='a'>3540741429</subfield></datafield><datafield ind1=' ' ind2=' ' tag='020'><subfield code='a'>9783540741428</subfield></datafield><datafield ind1=' ' ind2=' ' tag='035'><subfield code='a'>(PPT)b49630167-01tuli_inst</subfield></datafield><datafield ind1=' ' ind2=' ' tag='035'><subfield code='a'>(OCoLC)184932472</subfield><subfield code='z'>(OCoLC)165039228</subfield><subfield code='z'>(OCoLC)177508531</subfield><subfield code='z'>(OCoLC)227334238</subfield><subfield code='z'>(OCoLC)288252945</subfield><subfield code='z'>(OCoLC)320973650</subfield><subfield code='z'>(OCoLC)466119619</subfield><subfield code='z'>(OCoLC)613654457</subfield><subfield code='z'>(OCoLC)648320760</subfield><subfield code='z'>(OCoLC)739136962</subfield></datafield><datafield ind1=' ' ind2=' ' tag='037'><subfield code='a'>978-3-540-74142-8</subfield><subfield code='b'>Springer</subfield><subfield code='n'>http://www.springerlink.com</subfield></datafield><datafield ind1=' ' ind2=' ' tag='040'><subfield code='a'>GW5XE</subfield><subfield code='b'>eng</subfield><subfield code='c'>GW5XE</subfield><subfield code='d'>GW5XE</subfield><subfield code='d'>W2U</subfield><subfield code='d'>YDXCP</subfield><subfield code='d'>HNK</subfield><subfield code='d'>BTCTA</subfield><subfield code='d'>AU@</subfield><subfield code='d'>CEF</subfield><subfield code='d'>YNG</subfield><subfield code='d'>NUI</subfield><subfield code='d'>CNTRU</subfield><subfield code='d'>COO</subfield><subfield code='d'>OCLCQ</subfield><subfield code='d'>IDEBK</subfield><subfield code='d'>OCLCQ</subfield><subfield code='d'>OCLCO</subfield><subfield code='d'>MND</subfield><subfield code='d'>E7B</subfield><subfield code='d'>OCLCQ</subfield><subfield code='d'>OCLCF</subfield><subfield code='d'>BEDGE</subfield><subfield code='d'>OCLCO</subfield></datafield><datafield ind1=' ' ind2=' ' tag='049'><subfield code='a'>TEUU</subfield></datafield><datafield ind1=' ' ind2='7' tag='072'><subfield code='a'>QA</subfield><subfield code='2'>lcco</subfield></datafield><datafield ind1=' ' ind2=' ' tag='090'><subfield code='a'>QA76.9.A25</subfield><subfield code='b'>C79 2007eb</subfield></datafield><datafield ind1='2' ind2=' ' tag='111'><subfield code='a'>CRYPTO (Conference)</subfield><subfield code='n'>(27th :</subfield><subfield code='d'>2007 :</subfield><subfield code='c'>Santa Barbara, Calif.)</subfield></datafield><datafield ind1='1' ind2='0' tag='245'><subfield code='a'>Advances in cryptology - CRYPTO 2007</subfield><subfield code='h'>[electronic resource] :</subfield><subfield code='b'>27th Annual International Cryptology Conference, Santa Barbara, CA, USA, August 19-23, 2007 ; proceedings /</subfield><subfield code='c'>Alfred Menezes (ed.).</subfield></datafield><datafield ind1='3' ind2='0' tag='246'><subfield code='a'>CRYPTO 2007</subfield></datafield><datafield ind1=' ' ind2=' ' tag='260'><subfield code='a'>Berlin :</subfield><subfield code='b'>Springer,</subfield><subfield code='c'>2007.</subfield></datafield><datafield ind1=' ' ind2=' ' tag='300'><subfield code='a'>1 online resource (xiv, 630 p.) :</subfield><subfield code='b'>ill.</subfield></datafield><datafield ind1='1' ind2=' ' tag='490'><subfield code='a'>Lecture notes in computer science,</subfield><subfield code='x'>0302-9743 ;</subfield><subfield code='v'>4622</subfield></datafield><datafield ind1=' ' ind2=' ' tag='500'><subfield code='a'>International conference proceedings.</subfield></datafield><datafield ind1=' ' ind2=' ' tag='500'><subfield code='a'>&quot;International Association for Cryptologic Research&quot;--Pref.</subfield></datafield><datafield ind1=' ' ind2=' ' tag='504'><subfield code='a'>Includes bibliographical references and index.</subfield></datafield><datafield ind1='0' ind2=' ' tag='505'><subfield code='a'>Practical cryptanalysis of SFLASH / Vivien Dubois ... [et al.] -- Full key-recovery attacks on HMAC/NMAC-MD4 and NMAC-MD5 / Pierre-Alain Fouque, Gaetan Leurent, and Phong Q. Nguyen -- How should we solve search problems privately? / Amos Beimel ... [et al.] -- Public key encryption that allows PIR queries / Dan Boneh ... [et al.] -- Information security economics--and beyond / Ross Anderson and Tyler Moore -- Cryptography with constant input locality / Benny Applebaum, Yuval Ishai, and Eyal Kushilevitz -- Universally-composable two-party computation in two rounds / Omer Horvitz and Jonathan Katz -- Indistinguishability amplification / Ueli Maurer, Krzysztof Pietrzak, and Renato Renner -- A hybrid lattice-reduction and meet-in-the-middle attack against NTRU / Nick Howgrave-Graham -- Improved analysis of kannan&apos;s shortest lattice vector algorithm (extended abstract) / Guillaume Hanrot and Damien Stehl -- Domain extension of public random functions: beyond the birthday barrier / Ueli Maurer and Stefano Tessaro Random oracles and auxiliary input / Dominique Unruh -- Security-amplifying combiners for collision-resistant hash functions / Marc Fischlin and Anja Lehmann -- Hash functions and the (amplified) boomerang attack / Antoine Joux and Thomas Peyrin -- Amplifying collision resistance: a complexity-theoretic treatment / Ran Canetti ... [et al.] -- How many oblivious transfers are needed for secure multiparty computation? / Danny Harnik, Yuval Ishai, and Eyal Kushilevitz -- Simulatable VRFs with applications to multi-theorem NIZK / Melissa Chase and Anna Lysyanskaya -- Cryptography in the multi-string model / Jens Groth and Rafail Ostrovsky -- Secure identification and QKD in the bounded-quantum-storage model / Ivan B. Damgard -- A tight high-order entropic quantum uncertainty relation with applications / Ivan B. Damgard -- Finding small roots of bivariate integer polynomial equations: a direct approach / Jean-Sebastien Coron -- A polynomial time attack on RSA with private CRT-exponents smaller than Ṅ⁰⁰⁷³ / Ellen Jochemsz and Alexander May -- Invertible Universal hashing and the TET encryption mode / Shai Halevi -- Reducing trust in the PKG in identity based cryptosystems / Vipul Goyal -- Pirate evolution: how to make the most of your traitor keys / Aggelos Kiayias and Serdar Pehlivanoglu -- A security analysis of the NIST SP 800-90 elliptic curve random number generator / Daniel R.L. Brown and Kristian Gjøsteen -- A generalization of DDH with applications to protocol analysis and computational soundness / Emmanuel Bresson ... [et al.] -- Chernoff-type direct product theorems / Russell Impagliazzo, Ragesh Jaiswal, and Valentine Kabanets -- Rerandomizable RCCA encryption / Manoj Prabhakaran and Mike Rosulek -- Deterministic and efficiently searchable encryption / Mihir Bellare, Alexandra Boldyreva, and Adam O&apos;Neill -- Secure hybrid encryption from weakened key encapsulation / Dennis Hofheinz and Eike Kiltz -- Scalable and unconditionally secure multiparty computation / Ivan Damgard and Jesper Buus Nielsen -- On secure multi-party computation in black-box groups / Yvo Desmedt ... [et al.] -- A note on secure computation of the Moore-Penrose pseudoinverse and its application to secure linear algebra / Ronald Cramer, Eike Kiltz, and Carles Padr.</subfield></datafield><datafield ind1='8' ind2=' ' tag='520'><subfield code='a'>Annotation</subfield><subfield code='b'>This volume constitutes the refereed proceedings of the 27th Annual International Cryptology Conference held in Santa Barbara, California, in August 2007. Thirty-three full papers are presented along with one important invited lecture. The papers address current foundational, theoretical, and research aspects of cryptology, cryptography, and cryptanalysis. In addition, readers will discover many advanced and emerging applications.</subfield></datafield><datafield ind1=' ' ind2=' ' tag='588'><subfield code='a'>Description based on print version record.</subfield></datafield><datafield ind1=' ' ind2=' ' tag='590'><subfield code='a'>Access is available to the Temple Community through use of a networked computer with a Temple IP address.</subfield></datafield><datafield ind1=' ' ind2='0' tag='650'><subfield code='a'>Computers</subfield><subfield code='x'>Access control</subfield><subfield code='v'>Congresses.</subfield></datafield><datafield ind1=' ' ind2='0' tag='650'><subfield code='a'>Cryptography</subfield><subfield code='v'>Congresses.</subfield></datafield><datafield ind1=' ' ind2='4' tag='650'><subfield code='a'>Computers</subfield><subfield code='x'>Access Control.</subfield></datafield><datafield ind1=' ' ind2='4' tag='650'><subfield code='a'>Cryptography.</subfield></datafield><datafield ind1=' ' ind2='7' tag='650'><subfield code='a'>Computers</subfield><subfield code='x'>Access control.</subfield><subfield code='2'>fast</subfield><subfield code='0'>(OCoLC)fst00872779</subfield></datafield><datafield ind1=' ' ind2='7' tag='650'><subfield code='a'>Cryptography.</subfield><subfield code='2'>fast</subfield><subfield code='0'>(OCoLC)fst00884552</subfield></datafield><datafield ind1=' ' ind2='7' tag='650'><subfield code='a'>Informatique.</subfield><subfield code='2'>eclas</subfield></datafield><datafield ind1=' ' ind2='4' tag='655'><subfield code='a'>Electronic books.</subfield></datafield><datafield ind1=' ' ind2='7' tag='655'><subfield code='a'>Conference proceedings.</subfield><subfield code='2'>fast</subfield><subfield code='0'>(OCoLC)fst01423772</subfield></datafield><datafield ind1=' ' ind2='7' tag='655'><subfield code='a'>Electronic books.</subfield><subfield code='2'>local</subfield></datafield><datafield ind1='1' ind2=' ' tag='700'><subfield code='a'>Menezes, A. J.</subfield><subfield code='q'>(Alfred J.),</subfield><subfield code='d'>1965-</subfield></datafield><datafield ind1='2' ind2=' ' tag='710'><subfield code='a'>International Association for Cryptologic Research.</subfield></datafield><datafield ind1='2' ind2=' ' tag='710'><subfield code='a'>SpringerLink (Online service)</subfield></datafield><datafield ind1='0' ind2='8' tag='776'><subfield code='i'>Print version:</subfield><subfield code='a'>CRYPTO (Conference) (27th : 2007 : Santa Barbara, Calif.).</subfield><subfield code='t'>Advances in cryptology - CRYPTO 2007.</subfield><subfield code='d'>Berlin : Springer, 2007</subfield><subfield code='z'>9783540741428</subfield><subfield code='z'>3540741429</subfield><subfield code='w'>(OCoLC)166763853</subfield></datafield><datafield ind1=' ' ind2='0' tag='830'><subfield code='a'>Lecture notes in computer science ;</subfield><subfield code='v'>4622.</subfield><subfield code='x'>0302-9743</subfield></datafield><datafield ind1='4' ind2='0' tag='856'><subfield code='z'>Access full text online.</subfield><subfield code='u'>http://libproxy.temple.edu/login?url=http://link.springer.com/10.1007/978-3-540-74143-5</subfield></datafield><datafield ind1=' ' ind2=' ' tag='907'><subfield code='a'>.b49630167</subfield><subfield code='b'>w    </subfield><subfield code='c'>-</subfield></datafield><datafield ind1=' ' ind2=' ' tag='902'><subfield code='a'>170601</subfield></datafield><datafield ind1=' ' ind2=' ' tag='998'><subfield code='b'>0</subfield><subfield code='c'>110925</subfield><subfield code='d'>m</subfield><subfield code='e'>@</subfield><subfield code='f'>-</subfield><subfield code='g'>0</subfield></datafield><datafield ind1=' ' ind2=' ' tag='902'><subfield code='a'>SpringerLink 2015-09-30</subfield></datafield><datafield ind1=' ' ind2=' ' tag='945'><subfield code='l'>w    </subfield><subfield code='g'>1</subfield></datafield><datafield ind1=' ' ind2=' ' tag='ADM'><subfield code='e'>b49630167-01tuli_inst</subfield><subfield code='d'>ILS</subfield><subfield code='a'>2017-06-20 10:12:21</subfield><subfield code='c'>false</subfield></datafield><datafield ind1=' ' ind2=' ' tag='PRT'><subfield code='a'>53376568650003811</subfield><subfield code='b'>https://sandbox01-na.alma.exlibrisgroup.com/view/uresolver/01TULI_INST/openurl?u.ignore_date_coverage=true&amp;rft.mms_id=991020228089703811</subfield><subfield code='f'>Access full text online.</subfield><subfield code='9'>Available</subfield><subfield code='d'>MAIN</subfield><subfield code='c'>SpringerLink Ebooks</subfield><subfield code='8'>53376568650003811</subfield></datafield></record>
</collection>
